2580 4184
97 187 272 274 11v11126]
447 197 475 250 et
492 191 631 251 comrarto
649 192 710 250 eius
729 198 803 250 metu
1107 191 1147 267 69

95 357 191 421 reneri
211 378 274 420 non
294 372 432 437 possunt:
453 359 589 436 quivero
607 359 638 419 in
652 358 743 420 libera
756 358 874 420 civitate
891 359 932 419 ita
949 379 981 421 se
994 359 1143 422 instruunt

95 467 131 518 ut
144 467 323 530 metuantur,
342 456 378 516 iis
396 455 470 515 nihil
487 466 585 534 potest
602 475 667 517 esse
681 455 857 516 dementius.
901 455 1045 531 Quamvis
1064 457 1146 518 enim

96 551 157 612 sint
178 554 332 614 demersae
352 554 431 630 leges
452 551 576 613 alicuius
597 551 712 628 opibus,
735 550 870 629 quamvis
889 550 1040 612 timefacta
1061 552 1146 613 liber-

96 659 152 723 tas,
181 659 337 727 emergunt
358 660 458 709 tamen
479 650 553 710 haec
574 648 737 727 aliquando
762 659 814 709 aut
834 648 951 710 iudiciis
976 649 1071 710 tacitis
1092 662 1144 712 aut

96 744 225 806 occultis
249 747 288 806 de
311 746 425 807 honore
449 744 601 823 suffragiis.
644 744 781 805 Acriores
809 756 911 805 autem
934 765 1048 806 morsus
1076 757 1145 807 sunt
1176 758 1190 809 ⁵

96 842 284 907 intermissae
304 845 445 907 libertatis
467 865 557 923 quam
579 856 723 908 retentae,
764 846 857 920 Quod
885 846 972 925 igitur
995 847 1145 910 latissume

97 952 181 1018 patet
203 961 303 1020 neque
324 945 365 1003 ad
386 943 622 1023 incolumitatem
647 945 753 1016 solum,
768 944 822 1004 sed
845 942 935 1004 etiam
959 947 999 1005 ad
1023 965 1095 1022 opes
1116 958 1147 1008 et

98 1039 266 1116 potentiam
286 1044 365 1103 valet
387 1042 557 1120 plurimum,
586 1042 618 1103 id
638 1044 860 1120 amplectamur,
883 1054 917 1104 ut
939 1056 1036 1104 metus
1060 1042 1144 1117 absit,

99 1135 205 1196 caritas
225 1137 392 1198 retineatur.
436 1141 484 1198 Ita
503 1137 641 1197 facillime
662 1156 739 1214 quae
760 1139 895 1199 volemus
918 1149 949 1200 et
972 1137 1090 1216 privatis
1114 1137 1145 1198 in

98 1234 188 1294 rebus
209 1244 240 1295 et
260 1233 292 1294 in
312 1254 343 1295 re
363 1234 483 1314 publica
502 1253 729 1310 consequemur.
772 1235 892 1296 Etenim
919 1236 971 1313 qui
996 1255 1030 1296 se
1053 1235 1191 1296 metuito

99 1330 211 1406 volent,
230 1349 250 1391 a
268 1330 375 1409 quibus
392 1342 570 1405 metuentur,
589 1332 713 1391 eosdem
731 1342 873 1410 metuant·
882 1332 938 1410 ipsi
954 1351 1075 1393 necesse
1091 1342 1143 1392 est.

98 1461 185 1503 aweit
202 1461 313 1506 ,th
353 1444 399 1506 ²5·
451 1428 534 1504 Quid
561 1427 642 1488 enim
669 1446 826 1489 censemus
855 1428 1034 1506 superiorem
1062 1428 1145 1489 illum

99 1512 258 1565 ffllm’
353 1523 540 1604 Dionysium,
553 1543 613 1600 quo
634 1524 766 1585 cruciatu
787 1524 900 1586 timoris
923 1525 992 1603 angi
1015 1525 1143 1597 solitum,

99 1620 152 1698 qui
165 1623 278 1683 cultros
294 1632 431 1682 metuens
449 1620 597 1682 tonsorios
614 1621 761 1682 candente
780 1622 909 1683 carbone
928 1622 984 1683 sibi
1003 1623 1145 1684 adurebat

98 1717 263 1795 capillum?
293 1717 597 1795 quid?Alexandrum
625 1718 798 1793 Pheraeum,
818 1738 879 1795 quo
907 1718 1007 1780 animo
1038 1719 1144 1780 vixisse
1159 1731 1190 1786 15·

97 1814 295 1877 arbitramur?
320 1813 381 1892 qui,
403 1825 436 1875 ut
456 1813 597 1891 scriptum
618 1814 750 1892 legimus,
775 1834 845 1875 cum
872 1835 996 1876 uxorem
1019 1816 1144 1876 Theben

97 1911 266 1971 admodum
290 1910 432 1989 diligeret,
456 1921 557 1971 tamen
584 1911 713 1971 adeam
739 1929 778 1972 ex
801 1910 897 1989 epulis
921 1911 952 1972 in
974 1911 1144 1972 cubiculum

97 2007 221 2068 veniens
241 2007 398 2068 barbarum
418 2018 448 2068 et
468 2026 539 2068 eum
559 2006 691 2084 quidem,
708 2017 741 2067 ut
755 2007 896 2084 scriptum
914 2019 968 2081 est,
984 2027 1144 2085 compunc-

97 2115 164 2163 tum
184 2102 263 2183 notis
271 2104 422 2165 Thraeciis
432 2103 573 2164 destricto
593 2103 692 2181 gladio
710 2102 832 2164 iubebat
851 2103 968 2180 anteire,
978 2103 1143 2181 praemitte·

98 2198 210 2276 batque
224 2200 264 2260 de
283 2198 471 2277 stipatoribus
490 2198 551 2258 suis
565 2198 617 2275 qui
636 2210 832 2260 scrutarentur
851 2202 964 2259 arculas
984 2198 1141 2260 muliebres
1155 2217 1185 2252 20

97 2306 129 2356 et
153 2314 192 2356 ne
206 2297 289 2373 quod
302 2295 334 2355 in
347 2294 530 2355 vestimentis
544 2298 637 2355 telum
656 2295 851 2355 occultaretur
877 2293 1069 2372 exquirerent
1112 2297 1140 2358 Ο

97 2389 248 2465 miserum,
276 2390 328 2468 qui
355 2390 519 2451 fideliorem
541 2402 571 2451 et
594 2391 751 2451 barbamm
778 2401 808 2451 et
830 2390 1007 2468 stigmatiam
1025 2401 1141 2468 putaret

98 2505 189 2564 quam
216 2487 391 2565 coniugem!
432 2487 499 2546 Nec
526 2505 596 2547 eum
623 2485 742 2548 fefellit:
770 2488 809 2547 ab
836 2505 873 2547 ea
898 2497 943 2548 est
969 2485 1050 2548 enim
1076 2486 1141 2565 ipsa

97 2594 219 2662 propter
233 2583 395 2661 paelicatus
416 2581 611 2660 suspitionem
630 2581 807 2644 interfectus.
851 2585 916 2643 Nec
932 2602 1001 2644 vero
1017 2585 1077 2642 ulla
1095 2583 1140 2644 vis

97 2678 213 2758 imperii
233 2689 317 2739 tanta
336 2688 390 2750 est,
415 2696 492 2753 quae
516 2686 668 2754 premente
693 2687 775 2738 metu
793 2676 886 2754 possit
907 2697 972 2738 esse
991 2677 1136 2739 diuturna.
1152 2693 1182 2744 25

99 2779 146 2836 26.
189 2774 287 2835 Testis
307 2784 352 2834 est
373 2771 513 2844 Phalaris,
537 2771 622 2833 cuius
643 2782 688 2833 est
708 2784 823 2850 praeter
844 2784 958 2834 ceteros
985 2773 1139 2834 nobilitata
1178 2809 1179 2812 =

97 2871 265 2945 crudelitas,
286 2869 337 2947 qui
358 2888 419 2929 non
440 2888 477 2928 ex
498 2867 610 2927 insidiis
630 2867 746 2943 interiit,
769 2879 802 2929 ut
818 2868 842 2928 is
859 2888 949 2945 quem
965 2871 1057 2930 modo
1077 2870 1139 2930 dixi

98 2970 277 3041 Alexander,
306 2985 368 3027 non
394 2984 414 3025 a
440 2965 541 3042 paucis
569 2975 601 3024 ut
622 2965 672 3024 hic
699 2976 806 3039 noster,
831 2966 884 3026 sed
905 2965 936 3026 in
959 2986 1048 3044 quem
1076 2967 1140 3026 uni-

97 3085 182 3126 versa
194 3062 453 3143 Agrigentinorum
472 3060 632 3121 multitudo
651 3060 795 3139 impetum
808 3061 884 3123 fecit
928 3063 1032 3138 Quid?
1073 3065 1138 3122 Ma·

97 3163 228 3223 oedones
256 3178 356 3220 nonne
384 3158 571 3218 Demetrium
603 3158 783 3234 reliquerunt
812 3158 999 3237 universique
1032 3178 1064 3220 se
1098 3160 1137 3219 ad
1150 3171 1182 3221 30

347 3256 490 3332 Pyrrhum
503 3256 713 3315 contulerunt?
747 3254 850 3331 Quid?
884 3254 1136 3316 Lacedaemonios

97 3359 157 3403 asos
165 3358 243 3406 states,
257 3355 309 3397 sucu
347 3350 454 3411 iniuste
478 3350 646 3428 imperantis
673 3370 773 3412 nonne
800 3363 921 3429 repente
945 3371 1048 3413 omnes
1076 3354 1136 3412 sere

96 3405 313 3452 aslaeedaemonand

96 3461 174 3552 {³323
190 3458 255 3549 3113
271 3457 309 3546 {gg
347 3447 420 3508 socii
455 3449 647 3510 deseruerunt
683 3459 922 3526 spectatoresque
956 3469 987 3509 se
1024 3446 1135 3508 otiosos

10 3565 210 3619 v111sanctuary
227 3557 253 3600 or
272 3556 309 3598 ue
346 3543 543 3621 praebuerunt
567 3542 740 3625 Leuctricae
763 3544 967 3606 calamitatis?
1007 3546 1136 3606 Externa

144 3779 158 3814 a
175 3765 215 3814 his
230 3765 266 3824 St,
279 3762 310 3812 iis
328 3762 366 3812 Or
378 3762 420 3811 Bo
432 3762 511 3810 Ileine
524 3764 565 3812 Lu
600 3764 610 3821 ll
646 3777 676 3827 23
692 3763 745 3830 ipse
759 3778 814 3813 cum
827 3761 892 3812 codd.
906 3763 936 3813 St
955 3763 1057 3830 ‘opponi
1070 3762 1138 3815 euim

85 3843 410 3904 baatzumpatcntttsmum
418 3842 552 3896 t'mbectYlae
560 3845 665 3902 mulieri
672 3845 678 3872 ’
715 3853 727 3913 u
762 3862 796 3916 ‘24
807 3847 932 3918 pelicatus
944 3849 985 3902 Βα
998 3852 1040 3902 La
1053 3851 1105 3902 Mtt
