2580 4184
118 171 156 247 56
446 169 638 230 maestorum
657 167 830 246 comparatio
974 162 1164 249 [Ixttv155

116 347 178 399 tam
192 336 317 416 cupidus
331 336 362 398 in
375 336 583 416 perspicienda
596 339 864 416 cognoscendaque
880 357 978 398 rerum
995 347 1108 409 natura,
1122 344 1165 406 ut,

40 448 42 453 ’
117 435 142 497 si
169 434 198 495 ei
232 433 369 496 tractanti
395 433 668 512 contemplantique
695 454 742 496 res
768 435 949 514 cognitione
972 431 1163 512 dignissimas

20 1226 108 1279 XLIV

117 533 215 594 subito
236 532 274 593 sit
287 533 409 593 allatum
426 532 591 610 periculum
610 531 828 610 discrimenque
848 533 970 611 patriae,
992 530 1040 592 cui
1061 531 1166 592 subve-

117 631 180 693 nire
194 630 391 710 opitularique
411 630 513 707 possit,
528 650 591 690 non
604 630 655 692 illa
669 629 769 695 omnia
783 629 929 708 relinquat
942 640 1032 706 atque
1045 626 1163 702 abiciat,

117 728 207 792 etiam
221 727 246 788 si
260 727 445 789 dinumerare
465 747 496 788 se
515 729 616 788 stellas
625 727 680 788 ‘aut
694 727 791 788 metiri
804 727 909 788 mundi
928 724 1164 804 magnitudinem
1195 736 1209 786 5

115 844 205 904 posse
225 824 402 885 arbitretur?
451 834 541 901 atque
568 825 628 884 hoc
648 823 729 884 idem
749 823 781 883 in
801 823 941 902 parentis,
969 822 1001 882 in
1022 821 1112 881 amici
1132 839 1164 880 re

117 933 168 983 aut
188 921 320 1000 periculo
340 922 449 983 fecerit
495 938 561 999 155.
602 921 718 998 Quibus
740 923 828 983 rebus
852 920 1030 999 intellegitur
1060 918 1165 981 studiis

118 1017 282 1098 officiisque
309 1018 450 1080 scientiae
476 1020 689 1097 praeponenda
708 1038 773 1091 esse
797 1018 895 1080 officia
921 1017 1059 1092 iustitiae,
1087 1035 1165 1094 quae

118 1114 267 1192 pertinent
280 1115 320 1175 ad
334 1114 487 1174 hominum
507 1114 674 1188 utilitatem,
688 1134 749 1192 qua
769 1114 842 1175 nibil
861 1113 976 1176 bomini
989 1133 1055 1176 esse
1075 1113 1165 1174 debet

146 1265 335 1308 memorent·
370 1211 527 1288 antiquius.
570 1215 672 1289 Atque
699 1211 749 1285 illi,
768 1220 903 1290 quorum'
922 1212 1021 1273 studia
1047 1210 1164 1288 vitaque
1179 1229 1209 1267 ιο

119 1317 334 1359 mntmenwhohave
369 1308 465 1368 omnis
479 1307 511 1368 in
524 1328 620 1369 rerum
634 1307 804 1386 cognitione
817 1321 931 1370 versata
944 1320 997 1383 est,
1011 1319 1112 1370 tamen
1126 1310 1164 1368 ab

119 1368 211 1409 devoted
262 1368 329 1408 them·

119 1419 187 1459 aues
197 1427 219 1478 {⁰
227 1416 264 1458 ue
274 1417 331 1477 good
368 1403 510 1480 augendis
523 1403 680 1464 hominum
694 1403 868 1465 utilitatibus
881 1415 912 1465 et
921 1405 1089 1466 commodis
1102 1423 1164 1465 non

117 1468 332 1578 iirfi‘iiiifniiii}
368 1512 558 1561 recesserunt
601 1501 681 1560 Nam
702 1512 733 1561 et
755 1501 945 1562 erudiverunt
969 1504 1087 1573 multos,
1104 1520 1165 1578 quo

117 1568 331 1667 {heft'sfpiii‘ruiiii
368 1596 505 1656 meliores
526 1595 605 1657 cives
629 1595 819 1674 utilioresque
846 1599 934 1659 rebus
958 1597 1019 1658 suis
1039 1597 1165 1676 publicis

117 1668 255 1712 ‘mmm
368 1705 475 1766 essent,
497 1703 530 1753 ut
551 1695 729 1754 Thebanum
748 1694 989 1771 Epaminondam
1007 1694 1092 1774 Lysis
1111 1698 1207 1773 Py-1s

117 1794 285 1870 thagoreus,
300 1789 486 1868 Syracosium
502 1789 634 1850 Dionem
648 1794 734 1852 Plato
753 1792 897 1870 multique
916 1796 1034 1868 multos,
1050 1812 1164 1869 nosque

117 1888 175 1968 ipsi
197 1889 344 1968 quidquid
365 1889 406 1948 ad
426 1908 489 1947 rem
516 1888 669 1965 publicam
693 1889 853 1964 attulimus,
879 1890 904 1950 si
932 1891 1025 1952 modo
1052 1891 1165 1968 aliquid

106 1987 279 2059 attulimus,
308 1986 517 2047 adoctoribus
544 1997 635 2063 atque
655 1986 791 2047 doctrina
818 1987 953 2049 instructi
980 1990 1019 2050 ad
1047 2009 1115 2050 eant
1135 2000 1165 2051 et
1209 2039 1216 2062 ,

119 2084 214 2145 ornati
228 2083 414 2145 accessimus.
461 2086 526 2160 156.
569 2086 677 2160 Neque
695 2085 792 2145 solum
809 2085 869 2146 vivi
886 2099 976 2164 atque
993 2100 1164 2165 praesentes

118 2179 269 2242 studiosos
287 2180 422 2242 discendi
441 2180 580 2241 erudiunt
598 2191 687 2258 atque
702 2182 879 2258 docent,sed
897 2183 956 2242 hoc
974 2182 1055 2244 idem
1076 2184 1163 2245 etiam
1177 2207 1208 2242 ro

117 2289 186 2355 post
206 2288 332 2339 mortem
353 2253 554 2337 mbnumentis
575 2277 735 2337 litteramm
754 2292 959 2355 assequuntur.
991 2285 1056 2342 Nec
1084 2282 1163 2342 enim

107 2373 202 2434 ‘locus
225 2375 301 2433 ullus
329 2383 374 2434 est
400 2372 622 2449 praetenuissus
649 2375 688 2433 ab
712 2373 756 2447 iis,
785 2374 837 2452 qui
864 2376 903 2435 ad
930 2376 1017 2451 leges,
1046 2375 1099 2454 qui
1125 2379 1164 2438 ad

117 2487 224 2545 mores,
252 2468 304 2546 qui
329 2470 369 2529 ad
389 2468 576 2545 disciplinam
596 2469 638 2529 rei
662 2470 799 2547 publicae
820 2472 986 2548 pertineret,
1015 2483 1048 2533 ut
1069 2472 1163 2534 otium

117 2585 203 2627 suum
222 2567 262 2627 ad
280 2577 413 2627 nostrum
432 2565 584 2643 negotium
604 2566 765 2627 contulisse
783 2567 945 2629 videantur.
990 2570 1037 2630 Ita
1050 2568 1092 2629 illi
1108 2571 1163 2646 ipsi

117 2663 269 2740 doetrinae
289 2662 393 2724 studiis
414 2673 444 2723 et
465 2662 625 2739 sapientiae
650 2663 744 2737 dediti
767 2665 806 2724 ad
828 2665 982 2725 hominum
1006 2666 1162 2727 utilitatem
1176 2684 1207 2734 25

117 2780 200 2822 suam
213 2760 401 2838 prudentiam
414 2760 707 2839 intellegentiamque
720 2761 906 2839 potissimum
922 2764 1087 2835 conferunt,
1123 2768 1163 2829 ob

116 2877 242 2937 eamque
256 2859 346 2919 etiam
360 2848 483 2918 causam
495 2856 594 2934 eloqui
612 2857 744 2934 copiose,
765 2859 856 2919 modo
873 2860 1041 2936 prudenter,
1057 2862 1163 2923 melius

116 2967 162 3018 est
185 2955 275 3034 quam
295 2956 343 3016 vel
363 2936 530 3021 acirtissime
551 2954 615 3015 sine
635 2955 806 3033 eloquentia
826 2955 962 3033 cogitare,
983 2959 1067 3035 quod
1085 2960 1164 3036 cogi·

72 3111 77 3124 ,
116 3053 189 3114 tatio
204 3052 234 3113 in
248 3073 281 3113 se
295 3052 358 3130 ipsa
367 3052 497 3125 vertitur,
509 3053 680 3130 eloquentia
693 3053 899 3131 complectitur
912 3074 972 3128 eos,
985 3055 1161 3134 quibuscum

116 3151 330 3212 communitate
351 3150 444 3211 iuncti
466 3171 574 3227 sumus
622 3168 687 3229 157.
731 3156 832 3230 Atque
859 3164 891 3213 ut
907 3154 1008 3231 apium
1025 3157 1208 3223 examinaro

117 3266 179 3308 non
199 3248 406 3324 fingendorum
426 3249 559 3309 savomm
578 3269 668 3309 causa
686 3261 908 3329 congregantur,
929 3253 990 3325 sed,
1003 3272 1074 3312 cum
1094 3273 1164 3314 con-

116 3344 275 3423 gregabilia
288 3357 392 3404 natura
406 3344 469 3416 sint,
479 3347 592 3422 fingunt
602 3348 692 3420 savos,
709 3347 752 3408 sic
766 3348 901 3409 homines
916 3334 951 3409 ac
964 3351 1059 3411 multo
1073 3351 1163 3411 etiam

116 3442 210 3520 magis
227 3453 331 3501 natura
351 3442 520 3518 congregati
540 3442 684 3504 adhibent
704 3443 813 3522 agendi
833 3445 1044 3524 cogitandique
1065 3449 1163 3508 soller-

144 3558 275 3609 xnowteage
313 3558 331 3601 n
369 3536 448 3596 tiam.
492 3539 597 3614 Itaque
622 3539 678 3599 nisi
700 3560 735 3600 ea
755 3540 853 3615 virtus,
883 3561 960 3619 quae
982 3554 1099 3605 constat
1126 3565 1163 3606 ex

117 3619 155 3652 not
184 3610 228 3651 real
257 3611 328 3651 know·
442 3632 448 3645 ·
473 3632 479 3645 ·
655 3635 660 3646 .
710 3635 716 3648 .
940 3639 946 3651 ,
1140 3641 1147 3655 ,

117 3660 186 3712 uage,
214 3673 253 3702 nor
279 3660 330 3701 (ιω,
367 3632 538 3694 hominibus
558 3636 686 3711 tuendis,
707 3637 740 3697 1d
763 3648 808 3698 est
828 3657 866 3698 ex
886 3649 1027 3700 soeretate
1046 3660 1162 3718 genens
1175 3658 1206 3713 35

208 3832 231 3882 9
248 3817 379 3868 caritatem
389 3819 435 3868 b’a
443 3833 501 3869 cum
511 3822 563 3880 Lpu
574 3819 640 3871 codd.
652 3835 660 3870 .·
679 3816 882 3870 communitatem
894 3819 1030 3870 Salbodim'
