2580 4184
139 185 195 227 122
391 168 440 227 De
458 167 628 230 contentione
646 168 774 231 Honesti
788 175 817 229 ct
840 168 929 231 (luta
998 164 1065 250 [ΙΙΙ
1079 185 1137 229 xrx
1153 168 1190 244 7⁶

136 339 243 414 regula
287 335 349 412 Qui
375 338 434 398 hoc
457 357 520 400 non
542 337 709 416 perviderit,
733 340 854 402 abhoc
881 341 963 399 nulla
983 340 1062 399 fraus
1086 341 1189 415 aberit,

137 435 251 492 nullum
265 431 387 494 facinus.
418 432 466 493 Sic
477 432 557 494 enim
569 434 715 512 cogitans:
732 438 789 495 ‘est
802 433 877 495 istuc
886 433 1009 510 quidem
1020 437 1189 508 honestum,

136 549 240 591 verum
253 530 312 589 hoc
325 529 463 607 expedit:
478 550 524 591 res
538 550 556 591 a
569 543 674 592 natura
687 532 839 608 copulatas
851 530 974 591 audebit
987 550 1083 591 errore
1099 530 1190 593 divel·

136 628 206 702 lere,
221 627 273 705 qui
287 629 353 688 sons
367 641 412 690 est
425 628 582 703 fraudium,
597 629 817 703 maleficiorum,
833 630 977 689 scelerum
992 628 1136 690 omnium.

56 747 124 798 χιχ
450 725 605 804 Itaque‚si
621 726 665 787 vir
684 726 782 786 bonus
800 727 909 786 habeat
927 727 1004 785 hanc
1022 725 1092 802 vim,
1107 738 1149 801 ut,
1164 725 1190 788 si
1218 750 1233 799 5

162 823 356 867 Chm010¹⁰f⁸
392 822 490 901 digitis
512 823 723 902 concrepuerit,
747 823 840 901 possit
863 823 895 883 in
918 824 1111 901 locupletium
1135 836 1191 887 tes-

135 877 193 926 truly
217 875 274 926 good
298 889 354 917 man.

137 925 222 968 Hewssl
231 935 268 967 not
276 925 353 968 ch00⁵0
391 932 523 983 tamenta
556 943 667 984 nomeu
700 922 764 983 eius
797 921 938 1001 inrepere,
973 924 1030 982 hac
1063 922 1093 984 vi
1127 943 1189 984 non

136 985 159 1018 to
172 976 222 1017 talre
234 976 353 1026 advantage

136 1026 356 1118 }‘⁰¹'g⁰¹‘¹¹¹,¹,³²³<⁶3⁵,⁰s
390 1030 497 1092 utatur,
525 1040 564 1080 ne
597 1019 622 1080 si
656 1021 840 1097 exploratum
873 1019 995 1096 quidem
1022 1021 1130 1081 habeat
1156 1021 1189 1081 id

137 1090 259 1170 cernalheni?
267 1126 295 1167 he
311 1091 354 1168 will
391 1115 514 1183 omnino
535 1115 685 1176 neminem
708 1133 850 1191 umquam
874 1114 1096 1192 suspicaturum.
1147 1118 1188 1176 At

137 1178 354 1278 iii‘liiffiiihi
391 1212 475 1272 dares
493 1213 570 1271 hanc
591 1211 652 1272 vim
677 1213 721 1272 M.
746 1214 862 1285 Crass0,
885 1223 919 1272 ut
942 1210 1102 1289 digitorum
1123 1233 1233 1291 per-10

137 1291 200 1369 iiii*
215 1287 353 1378 imruiiffi}
389 1309 526 1370 cussione
546 1310 631 1369 heres
651 1319 752 1386 posset
770 1307 894 1386 scriptus
911 1328 984 1383 esse,
1000 1308 1051 1386 qui
1071 1329 1189 1371 revera

137 1378 207 1419 which
232 1377 259 1418 he
283 1378 353 1419 would
688 1405 695 1418 .
873 1405 879 1417 .
904 1404 911 1418 .

137 1438 175 1470 not
190 1429 275 1470 urea
288 1428 354 1479 speak
390 1425 451 1466 non
472 1415 550 1467 esset
569 1406 663 1479 heres,
686 1425 718 1465 m
741 1406 814 1479 soro,
839 1407 913 1466 mrhr
940 1409 1036 1480 crede,
1060 1408 1185 1470 saltaret.

138 1479 222 1570 mys,
237 1479 354 1570 ueNiiiii
393 1509 498 1567 Homo
532 1516 632 1566 autem
666 1505 759 1566 iustus
793 1505 886 1582 isque,
918 1525 1009 1583 quem
1042 1507 1187 1568 sentimus

138 1579 351 1680 iihhhidffchiii
389 1602 484 1664 virum
503 1602 626 1675 bonum,
642 1600 715 1660 nihil
729 1601 878 1677 cuiquam,
898 1602 981 1679 quod
995 1601 1026 1662 in
1044 1622 1077 1663 se
1096 1614 1186 1664 trans·

138 1679 356 1781 {,‡ss,dffi{h¹i,²‡,}f
391 1699 626 1773 serat,detrahet.
670 1700 742 1758 Hoc
762 1697 815 1774 qui
833 1696 1001 1771 admiratur,
1017 1699 1042 1759 is
1060 1720 1092 1760 se
1114 1701 1188 1778 quid
1203 1728 1231 1777 15

391 1796 429 1856 sit
448 1795 492 1855 vir
514 1795 612 1856 bonus
639 1793 752 1854 nescire
780 1795 911 1854 fateatur.
955 1797 1002 1869 76.
1040 1798 1081 1855 At
1107 1817 1186 1870 vero,

140 1893 165 1954 si
185 1893 236 1973 qui
255 1892 380 1954 voluerit
397 1891 488 1952 animi
507 1890 552 1951 sui
569 1890 777 1968 complicatam
797 1889 951 1950 notionem
970 1893 1112 1965 evolvere,
1128 1892 1187 1952 iam

139 2010 172 2052 se
200 1991 262 2069 ipse
290 1992 398 2051 doceat
425 2010 493 2051 eum
520 1989 614 2050 virum
641 1989 754 2049 bonum
782 2007 856 2061 esse,
879 1987 931 2065 qui
961 1988 1054 2066 prosit
1080 1990 1188 2067 quibus

86 2101 89 2105 “
139 2089 240 2166 possit,
260 2101 368 2150 noceat
388 2087 500 2150 nemini
520 2086 577 2148 nisi
597 2086 749 2148 lacessitus
770 2085 881 2146 iniuria.
926 2087 1008 2162 Quid
1028 2092 1119 2166 ergo?
1139 2088 1188 2149 hic

140 2207 202 2248 non
232 2198 348 2260 noceat,
376 2185 429 2263 qui
455 2187 586 2263 quodam
621 2184 705 2263 quasi
735 2203 852 2245 veneno
878 2184 1024 2260 perficiat,
1037 2198 1070 2247 ut
1103 2206 1188 2246 veros
1202 2220 1233 2256 20

140 2284 263 2344 heredes
281 2295 408 2356 moveat,
424 2282 454 2342 in
474 2301 576 2343 eorum
594 2283 694 2342 locum
713 2280 776 2359 ipse
793 2282 954 2341 succedat?
995 2284 1080 2342 ‘Non
1101 2282 1188 2361 igitur

138 2380 239 2440 faciat'
261 2379 366 2439 dixerit
391 2379 456 2455 quis
480 2378 577 2454 ‘quod
598 2378 670 2438 utile
698 2377 743 2450 sit,
769 2378 852 2455 quod
879 2376 1046 2454 expediat?’
1088 2381 1187 2441 Immo

139 2477 288 2555 intellegat
303 2476 375 2535 nihil
396 2496 452 2536 nee
471 2475 611 2553 expedire
630 2495 686 2536 nec
704 2475 776 2536 utile
794 2495 866 2549 esse,
882 2478 966 2552 quod
982 2476 1019 2536 sit
1035 2476 1185 2540 iniustum.

140 2579 212 2637 Hoc
225 2575 276 2653 qui
291 2595 351 2635 non
366 2575 509 2648 didicerit,
525 2576 621 2635 bonus
634 2574 677 2635 vir
687 2593 821 2634 essenon
831 2575 945 2652 poterit.
991 2592 1036 2651 77.
1060 2578 1093 2638 C.
1111 2577 1182 2637 Fim-

140 2672 232 2732 briam
256 2672 442 2731 consularem
469 2669 626 2730 audiebam
653 2671 692 2730 de
719 2681 801 2746 patre
828 2683 930 2730 nostro
958 2691 1031 2749 puer
1058 2671 1187 2733 iudicem
1201 2700 1232 2750 25

140 2771 185 2829 M.
212 2767 332 2828 Lutatio
360 2765 495 2827 Pinthiae
522 2767 620 2840 luisse,
646 2766 738 2843 equiti
759 2769 912 2827 ¹Romano
946 2787 1016 2829 sane
1051 2769 1186 2842 honesto,

139 2885 208 2926 cum
231 2865 256 2926 is
280 2863 472 2942 sponsionem
493 2863 609 2924 iecisset
629 2881 665 2923 nr
686 2881 743 2923 vin
764 2880 863 2923 nouvs
887 2880 986 2925 assas.
1030 2867 1137 2942 Itaque
1158 2866 1187 2927 ei

139 2962 247 3023 dixisse
268 2961 428 3022 Fimbriam
448 2980 480 3021 se
499 2960 580 3020 illam
598 2980 660 3020 rem
676 2979 839 3036 numquam
858 2959 1064 3035 iudicaturum,
1080 2982 1118 3022 ne
1136 2975 1187 3023 aut

138 3060 277 3138 spoliaret
296 3062 375 3120 sama
392 3060 549 3138 probatum
570 3057 733 3132 hominem,
751 3057 776 3117 si
796 3069 899 3117 contra
918 3057 1115 3133 iudicavisset,
1135 3071 1187 3120 aut

138 3156 273 3218 statuisse
300 3157 448 3218 videretur
474 3156 568 3215 virum
595 3155 709 3215 bonum
737 3173 802 3214 esse
829 3153 967 3229 aliquem,
990 3174 1059 3214 cum
1083 3175 1120 3217 ea
1140 3176 1186 3217 res
1200 3187 1232 3234 30

138 3254 401 3316 innumerabilibus
419 3253 525 3314 'officiis
542 3264 572 3313 et
590 3252 728 3312 laudibus
748 3249 954 3311 contineretur.
999 3252 1081 3312 Huic
1102 3252 1187 3330 igitur

138 3352 201 3412 viro
222 3353 311 3424 bono,
332 3369 421 3427 quem
444 3347 573 3409 Fimbria
589 3348 687 3420 etiam,
705 3333 767 3406 non
788 3346 880 3405 modo
899 3348 1034 3406 Socrates
1056 3360 1185 3422 noverat,

139 3451 221 3509 nullo
248 3449 341 3509 modo
367 3446 461 3507 videri
488 3455 586 3523 potest
620 3443 779 3521 quicquam
807 3460 872 3502 esse
899 3442 979 3516 utile,
1008 3445 1091 3520 quod
1124 3464 1186 3505 non

138 3547 296 3607 honestum
317 3543 362 3605 sit.
406 3546 511 3620 Itaque
530 3541 596 3602 talis
616 3541 661 3600 vir
673 3559 735 3600 non
754 3541 846 3600 modo
867 3542 971 3614 facere,
987 3542 1041 3600 sed
1058 3561 1096 3602 ne
1109 3543 1187 3620 cogi·

138 3653 200 3702 tare
221 3642 342 3719 quidem
363 3639 522 3718 quicquam
543 3635 672 3712 audebit,
685 3637 769 3714 quod
789 3656 851 3696 non
875 3637 983 3696 audeat
1006 3637 1183 3714 praedicare.
1199 3667 1229 3718 35

136 3740 227 3796 Haec
252 3756 315 3796 non
342 3746 428 3812 turpe
455 3744 500 3795 est
527 3732 663 3794 dubitare
690 3731 892 3809 philosophos,
915 3750 993 3807 quae
1020 3751 1059 3793 ne
1085 3734 1186 3796 rustici

115 3829 245 3902 quidem
264 3831 426 3893 dubitent?
451 3851 471 3894 a
489 3829 600 3911 quibus
620 3841 727 3893 natum
743 3840 789 3893 est
804 3828 840 3890 id
852 3829 937 3908 quod
953 3827 1018 3886 'ram
1032 3829 1197 3888 contritum
