2580 4184
143 179 182 238 70
537 162 587 221 De
604 162 786 222 benevolentia
1012 156 1059 240 [11
1073 177 1131 220 vur
1149 175 1187 236 27

107 336 111 341 ’
141 325 360 427 ξοΡΡῗὛὲῑῠῡξ
396 328 564 389 libentius
555 349 587 389 1n
607 329 658 390 tali
677 349 709 389 re
729 349 819 406 qnam
847 328 1011 390 domestica
1038 331 1187 395 recordor.

141 428 202 518 {33¹¹
163 489 195 518 e
176 427 251 467 ¹¹¹²¹¹¹
239 427 360 478 ’δίων
395 430 507 486 Verum
527 435 636 499 tamen,
648 444 738 502 quam
759 424 837 484 diu
829 424 986 535 imperium
1006 425 1110 501 populi
1128 428 1189 488 Ro·

393 521 474 584 mani
496 520 647 582 beneficiis
678 521 842 595 tenebatur,
870 541 932 583 non
962 521 1083 596 iniuriis,
1110 522 1190 584 bella

141 628 193 678 aut
208 611 262 696 pro
278 618 366 680 sociis
387 630 439 680 aut
460 619 498 679 de
522 616 646 694 imperio
669 618 852 696 gerebantur,
875 616 970 678 exitus
990 629 1074 679 erant
1096 619 1189 680 bello

141 735 206 776 rum
233 728 284 778 aut
307 717 393 778 mites
420 727 471 777 aut
497 714 661 788 necessarii,
685 735 795 793 regum,
823 716 1008 792 populorum,
1032 715 1189 777 nationum
1220 738 1234 788 5

140 822 241 888 portus
259 823 321 873 erat
338 823 368 873 et
384 810 530 889 refugium
548 821 666 871 senatus
672 831 681 884 3
700 809 793 870 nostri
810 822 911 871 autem
931 810 1116 889 magistratus
1136 812 1191 872 im-

140 918 347 985 peratoresque
371 928 407 969 ex
428 909 485 968 hac
504 926 565 966 una
582 925 614 967 re
637 905 797 965 maximam
820 906 941 967 laudem
963 926 1068 984 capere
1090 909 1189 968 stude·

140 1004 220 1077 bant,
246 1005 271 1064 si
297 1003 470 1082 provincias,
494 1001 521 1063 si
547 1001 644 1062 socios
668 1001 815 1079 aequitate
840 1012 870 1062 et
893 1003 952 1064 fide
976 1003 1185 1065 defendissent.

144 1116 189 1175 27.
205 1102 311 1176 ltaque
325 1100 398 1159 illud
411 1097 607 1177 patrocinium
621 1097 700 1159 orbis
713 1109 806 1159 terrae
816 1097 913 1159 verius
927 1118 1016 1184 quam
1030 1098 1187 1176 imperium

141 1205 256 1273 poterat
276 1196 428 1257 nominari.
471 1193 587 1256 Sensim
605 1195 682 1254 hanc
695 1194 943 1256 consuetudinem
956 1206 987 1256 et
1000 1195 1186 1274 disciplinam
1203 1217 1231 1252 ιο

142 1290 201 1350 iam
228 1302 316 1353 antea
342 1291 557 1364 minuebamus,
581 1301 649 1368 post
672 1310 743 1351 vero
770 1292 868 1351 Sullae
891 1290 1043 1352 victoriam
1069 1291 1187 1369 penitus

140 1387 292 1448 amisimus
298 1410 307 1463 ;
320 1388 447 1449 desitum
461 1398 506 1449 est
519 1386 599 1448 enim
610 1385 702 1447 videri
712 1385 872 1463 quicquam
885 1386 917 1446 in
931 1386 1027 1447 socios
1041 1386 1185 1465 iniquum,

109 1485 116 1517 ¹·
140 1504 208 1544 cum
230 1485 372 1546 extitisset
392 1484 423 1544 in
444 1484 522 1544 cives
543 1495 627 1543 tanta
647 1482 811 1543 crudelitas.
855 1485 935 1561 Ergo
955 1482 986 1543 in
1010 1483 1069 1544 illo
1085 1496 1187 1546 secuta

129 1592 185 1657 ,est
204 1583 360 1643 honestam
380 1600 499 1641 causam
520 1600 581 1640 non
605 1581 731 1641 honesta
749 1579 878 1640 victoria.
922 1583 976 1641 Est
996 1580 1077 1641 enim
1097 1601 1186 1642 ausus

132 1658 247 1748 dicere,
259 1679 342 1737 hasta
362 1676 458 1754 posita
487 1696 556 1736 cum
583 1676 664 1736 bona
684 1675 716 1735 in
740 1676 803 1737 soro
825 1677 966 1738 venderet
987 1688 1017 1737 et
1038 1679 1186 1739 bonorum
1201 1696 1227 1744 15

140 1773 268 1834 virorum
286 1785 316 1836 et
331 1773 523 1853 locupletium
537 1784 567 1835 et
580 1786 659 1835 certe
672 1773 790 1847 civium,
806 1775 960 1850 ‘praedam
974 1794 1006 1836 se
1020 1794 1105 1835 suam
1118 1796 1187 1837 ven·

140 1870 228 1930 dere!
269 1872 392 1930 Secutus
407 1881 451 1931 est
470 1869 522 1947 qni
541 1869 573 1930 in
589 1889 678 1930 causa
691 1869 791 1947 impia,
806 1869 928 1931 victoria
940 1870 1030 1932 etiam
1043 1872 1176 1934 foediore

141 1983 202 2026 non
222 1965 403 2044 singulorum
423 1966 533 2026 civium
553 1967 633 2028 bona
650 1966 820 2043 publicaret,
836 1968 890 2028 sed
908 1966 1057 2028 universas
1070 1969 1186 2046 provin-

140 2061 200 2122 cias
213 2063 405 2140 regionesque
419 2083 480 2124 uno
494 2062 667 2124 calamitatis
680 2063 742 2125 iure
756 2064 1027 2141 comprehenderet.
1065 2069 1110 2126 28.
1128 2068 1186 2127 Ita·

140 2178 199 2237 que
212 2160 327 2220 vexatis·
338 2181 372 2221 ac
386 2160 507 2238 perditis
520 2160 624 2222 exteris
645 2159 814 2221 nationibus
835 2162 875 2220 ad
895 2164 1064 2239 exemplum
1084 2162 1184 2222 amissi
1197 2179 1227 2212 20

138 2255 253 2334 imperii
272 2257 381 2334 portari
401 2257 432 2317 in
452 2257 602 2334 triumpho
623 2256 786 2316 Massiliam
800 2256 928 2317 vidimus
948 2268 1036 2319 etex
1056 2277 1092 2318 ea
1111 2259 1184 2321 urbe

138 2351 317 2429 triumphari,
339 2353 402 2414 sine
423 2371 482 2430 qua
504 2371 668 2428 numquam
688 2351 780 2413 nostri
800 2352 989 2431 imperatores
1009 2374 1047 2415 ex
1066 2357 1186 2416 transal-

138 2447 215 2525 pinis
242 2448 326 2510 bellis
353 2448 575 2525 triumpharunt.
619 2450 717 2508 Multa
743 2460 894 2526 praeterea
919 2469 1183 2512 commemorarem

139 2543 249 2604 nefaria
268 2543 299 2603 in
320 2544 425 2613 socios,
439 2544 464 2604 si
484 2545 542 2604 hoc
561 2563 623 2603 uno
640 2544 799 2621 quicquam
820 2547 865 2605 sol
883 2545 1004 2607 vidisset
1024 2546 1181 2625 indignius.

140 2642 208 2699 Iure
229 2639 315 2717 igitur
335 2639 497 2718 plectimur.
541 2640 608 2700 Nisi
631 2640 711 2701 enim
735 2643 895 2702 multorum
919 2641 1055 2719 inpunita
1074 2645 1185 2704 scelera
1197 2657 1225 2704 25

138 2735 313 2810 tulissemus,
339 2755 501 2813 numquam
525 2738 564 2796 ad
587 2756 681 2796 unum
702 2748 784 2797 tanta
806 2737 986 2814 pervenisset
1009 2738 1141 2801 licentia:
1165 2760 1184 2802 a

138 2851 198 2909 quo
213 2832 333 2909 quidem
347 2832 389 2892 rei
402 2832 549 2892 familiaris
563 2835 602 2893 ad
616 2853 735 2911 paucos,
746 2833 942 2911 cupiditatum
955 2836 995 2895 ad
1009 2837 1117 2897 multos
1131 2836 1185 2896 im·

137 2929 246 3005 probos
262 2928 343 2988 venit
360 2929 514 2989 hereditas.
559 2949 604 3006 ²9·
638 2931 704 2990 Nec
716 2949 787 2990 vero
800 2949 942 3007 umquam
955 2931 1100 2992 bellorum
1113 2931 1184 2992 civi·

137 3024 210 3084 lium
231 3043 332 3085 semen
352 3035 381 3084 et
399 3044 488 3084 cansa
502 3025 603 3098 deerit,
619 3026 691 3084 dum
704 3025 840 3086 homines
853 3026 960 3103 perditi
973 3028 1088 3087 hastam
1101 3028 1182 3088 illam

139 3132 290 3181 cruentam
318 3131 348 3181 et
369 3121 556 3182 meminerint
577 3133 607 3182 et
631 3123 807 3198 sperabunt3
835 3142 925 3199 qnam
949 3125 982 3185 P.
1008 3125 1089 3185 Sulla
1112 3145 1182 3185 cum
1196 3141 1227 3189 30

138 3217 278 3277 vibrasset
297 3216 438 3277 dictatore
456 3217 623 3294 propinquo
642 3237 705 3290 suo,
720 3217 801 3278 idem
819 3229 901 3279 sexto
920 3218 1088 3281 tricensimo
1102 3241 1182 3282 anno

139 3323 206 3391 post
220 3332 238 3371 a
250 3312 433 3373 sceleratiore
449 3313 533 3373 hasta
550 3333 612 3373 non
628 3312 754 3374 recessit.
796 3315 880 3374 Alter
893 3325 1001 3388 autem,
1016 3315 1069 3394 qui
1084 3315 1116 3376 in
1132 3317 1182 3377 illa

140 3408 283 3468 dictatura
296 3407 392 3468 scriba
409 3410 510 3482 fuerat,
526 3408 556 3468 in
577 3409 633 3468 hac
654 3407 709 3468 suit
722 3420 861 3484 quaestor
880 3411 1016 3470 urbanus.
1060 3413 1106 3472 Ex
1120 3432 1181 3489 quo

140 3504 229 3564 debet
250 3503 379 3582 intellegi
397 3503 503 3564 talibus
524 3503 661 3580 praemiis
685 3505 841 3582 propositis
866 3525 1027 3583 numquam
1046 3509 1181 3570 defutura

137 3601 216 3661 bella
238 3600 341 3660 civilia
384 3601 489 3678 Itaque
512 3600 637 3678 parietes
664 3602 756 3661 modo
782 3601 862 3662 urbis
889 3613 967 3663 stant
993 3614 1023 3664 et
1049 3617 1180 3679 manent,
1194 3619 1223 3666 35

188 3726 217 3778 16
233 3727 384 3792 locupletum
401 3743 457 3776 cum
471 3727 536 3775 codd.
555 3726 584 3784 Z,
604 3724 702 3774 Gruber
716 3725 748 3773 St
765 3725 857 3789 ‘neque
872 3725 940 3774 enim
956 3725 1011 3775 nisi
1025 3725 1053 3774 in
1066 3728 1183 3790 gratnm

119 3805 248 3851 :mantia
255 3805 421 3868 locupletium
433 3804 488 3855 dici
488 3813 561 3871 posse
566 3801 580 3866 ’,
594 3803 757 3871 locupletium
769 3804 808 3853 Ba
821 3804 900 3854 Helm
912 3804 954 3852 Lu
970 3803 1020 3854 Mu
