2580 4184
82 179 250 264 111v129]
410 187 497 248 Ἦ(
517 188 659 249 Utilitatis
678 194 788 249 natura
1075 202 1131 267 105

83 348 194 420 endam
208 360 310 410 censet
323 361 456 425 mortem,
464 364 674 430 paupertatem,
682 353 826 426 dolorem,
836 350 1026 414 amissionem
1040 351 1131 413 etiam

81 443 249 519 liberorum,
260 445 501 524 propinquorum,
513 448 685 523 amicorum,
700 469 791 526 quam
809 450 905 509 iacere
914 447 1052 524 cuiquam
1061 447 1134 508 iuiu-

81 541 163 603 riam.
185 543 217 604 Si
225 543 299 603 nihil
308 543 454 606 existimat
464 557 568 606 contra
578 556 712 605 naturam
721 545 783 606 fieri
792 543 964 605 hominibus
973 543 1129 617 violandis,

81 639 155 715 quid
169 659 237 700 cum
251 659 289 701 eo
303 640 438 714 disseras,
454 641 506 718 qui
519 641 645 703 omnino
663 641 815 701 hominem
835 660 871 701 ex
889 639 1011 702 homine
1029 642 1131 703 tollat?

82 734 136 803 ¹Sin
149 735 324 813 fugiendum
335 736 368 797 id
382 737 505 814 quidem
519 749 629 811 censet,
642 739 696 799 sed
710 739 804 797 multo
819 737 868 797 illa
880 736 989 814 peiora,
1000 749 1135 808 mortem,
1161 764 1175 813 5

82 843 293 909 paupertatem,
301 834 445 907 dolorem,
460 845 536 894 errat
549 833 581 894 in
595 854 641 906 eo,
656 835 739 910 quod
753 835 847 893 ullum
865 845 917 894 aut
934 833 1065 910 corporis
1082 845 1132 894 aut

27 930 67 985 Vl
83 929 218 990 fortunae
245 929 350 990 vitium
374 929 452 990 vitiis
474 930 566 990 animi
587 931 702 1008 gravius
726 929 880 991 existimat.
935 933 1014 1009 Ergo
1037 951 1132 991 unum

83 1025 175 1086 debet
188 1045 254 1087 esse
268 1026 407 1087 omnibus
421 1026 619 1104 propositum3
632 1038 665 1087 ut
679 1027 801 1087 eadem
815 1026 861 1087 sit
873 1026 1011 1087 utilitas
1025 1026 1129 1087 unius

83 1122 256 1201 cuiusque
276 1133 310 1185 et
330 1123 585 1198 universorum,
611 1143 702 1201 quam
722 1123 747 1185 si
767 1125 807 1184 ad
827 1144 860 1185 se
878 1123 1003 1201 quisque
1024 1124 1127 1202 rapiet,

106 1241 296 1293 iufaustum
333 1220 511 1282 dissolvetur
524 1220 622 1283 omnis
643 1222 774 1281 humana
792 1221 951 1283 consortio.
995 1238 1042 1297 27.
1078 1225 1131 1282 At·
1145 1248 1176 1284 io

81 1303 119 1334 are
132 1293 214 1344 subject
226 1304 248 1334 io
260 1294 296 1334 the
446 1319 452 1331 .
548 1318 554 1331 .
897 1319 903 1331 .
929 1319 935 1331 .

82 1354 140 1383 nm
156 1343 196 1384 ιη
215 1344 242 1385 or
259 1357 297 1385 na.
334 1339 393 1395 que
413 1332 512 1392 etiam,
532 1338 556 1379 si
576 1320 635 1380 hoc
655 1330 759 1379 natura
779 1321 959 1397 praescribit,
981 1331 1015 1380 ut
1037 1321 1130 1381 homo

82 1393 297 1496 333ss2qu
316 1425 318 1430 '
334 1415 457 1489 homini,
473 1415 655 1493 quicumque
675 1415 722 1488 sit,
744 1416 784 1476 ob
805 1435 871 1477 eam
892 1416 988 1494 ipsam
1008 1436 1129 1479 causam

81 1493 232 1595 ffi‘hififfgssu‘
243 1507 298 1586 viiii}
334 1515 418 1590 quod
438 1513 463 1574 is
479 1514 571 1574 homo
592 1513 638 1586 sit,
655 1515 825 1573 consultum
843 1515 923 1588 velit,
945 1534 1066 1576 necesse
1085 1526 1129 1576 est

82 1593 133 1694 2¹1}
152 1595 297 1686 {ffifiss'ss}
334 1611 500 1670 secundum
519 1611 646 1670 eandem
663 1620 799 1669 naturam
820 1610 955 1671 omniurn
973 1611 1129 1673 utilitatem

82 1693 296 1787 ffissdbffiffi'gflmfffg
334 1726 398 1767 esse
425 1725 625 1767 communem.
669 1707 759 1780 Quod
784 1705 810 1767 si
832 1706 874 1766 ita
901 1719 955 1781 est,
977 1727 1037 1768 una
1060 1728 1177 1778 con-1⁵

82 1795 297 1898 ζῆζᾞξοβξηῑξυξῗ
333 1804 461 1866 tinemut
482 1823 586 1864 omnes
611 1815 640 1865 et
664 1804 770 1864 eadem
792 1804 857 1881 lege
884 1816 1013 1878 naturae,
1037 1805 1128 1883 idque

81 1895 296 1949 ‘⁵⁰⁹=¹³b²¹²¹³²l·⁰‘²
333 1900 431 1977 ipsum
452 1899 478 1960 si
499 1900 541 1960 ita
563 1911 615 1974 est,
631 1912 710 1962 certe
731 1901 840 1963 violare
861 1904 986 1963 alterum
1005 1914 1127 1965 naturae

81 1994 147 2072 lege
168 1997 367 2073 prohibemur.
411 1999 457 2058 28.
488 1999 600 2058 Verum
624 2009 724 2057 autem
746 1997 883 2075 primum,
914 2019 1017 2059 verum
1041 1999 1128 2077 igitur

82 2105 254 2154 extremum.
298 2097 378 2154 Nam
400 2094 474 2155 illud
498 2093 621 2171 quidem
642 2094 804 2153 absurdum
826 2105 879 2168 est,
901 2095 983 2171 quod
1005 2095 1127 2171 quidam

81 2189 194 2264 dicunt,
206 2191 321 2268 parenti
329 2211 361 2253 se
375 2203 427 2251 aut
440 2191 519 2251 fratri
533 2190 606 2250 nihil
621 2192 803 2251 detracturos
817 2190 862 2250 sui
870 2191 1022 2251 commodi
1030 2211 1127 2265 causa,
1142 2214 1174 2249 πο

81 2284 169 2346 aliam
194 2287 341 2348 rationem
362 2307 428 2349 esse
449 2286 559 2347 civium
582 2286 771 2363 reliquorum.
815 2287 859 2346 Hi
881 2286 936 2347 sibi
959 2287 1031 2346 nihil
1049 2287 1128 2361 iuris,

81 2383 193 2442 nullam
213 2383 387 2445 societatem
402 2383 571 2445 communis
584 2383 718 2444 utilitatis
733 2403 821 2444 causa
835 2395 968 2444 statuunt
982 2403 1046 2445 esse
1060 2404 1129 2445 cum

82 2479 204 2554 civibus,
230 2501 307 2559 quae
329 2481 476 2542 sententia
500 2499 621 2541 omnem
645 2479 819 2542 societatem
840 2480 974 2541 distrahit
994 2481 1127 2543 civitatis.

82 2577 142 2653 Qui
156 2591 256 2639 autem
270 2579 381 2639 civium
394 2579 539 2639 rationem
554 2578 658 2638 dicunt
677 2578 855 2651 habendam,
871 2589 1059 2639 externorum
1081 2599 1130 2640 ne-

80 2675 196 2751 gantii
217 2675 359 2736 dirimunt
380 2694 571 2736 communem
592 2674 715 2734 humani
735 2673 850 2752 generis
868 2674 1048 2748 societatem,
1069 2695 1129 2753 qua
1143 2696 1171 2746 25

81 2770 196 2832 sublata
210 2772 406 2833 beneficentia
424 2771 587 2839 liberalitas,
595 2771 713 2832 bonitas
732 2770 842 2831 iustitia
857 2770 990 2831 funditus
1007 2772 1127 2833 tollitur.

83 2869 168 2944 Quae
192 2869 244 2946 qui
261 2871 368 2930 tollunt
391 2870 481 2930 etiam
504 2870 644 2930 adversus
670 2870 744 2930 deos
765 2868 937 2929 inmortales
956 2869 1039 2947 impii
1056 2871 1129 2931 iudi·

82 2965 170 3025 candi
184 2978 261 3026 sunt.
304 2967 352 3026 Ab
366 2966 402 3026 iis
416 2965 495 3026 enim
510 2964 701 3026 constitutam
715 2964 792 3025 inter
805 2965 941 3025 homines
956 2965 1128 3027 societatem

82 3074 224 3136 evertunt,
245 3062 329 3124 cuius
347 3062 496 3124 societatis
513 3062 691 3123 artissimum
709 3060 861 3121 vinculum
882 3073 927 3123 est
947 3063 1039 3138 magis
1055 3063 1129 3124 arbi·

80 3159 149 3219 trari
163 3179 227 3221 esse
241 3170 345 3220 contra
362 3171 497 3219 naturam
511 3157 665 3219 hominem
683 3157 797 3218 homini
814 3159 967 3218 detrahere
986 3157 1031 3217 sui
1048 3177 1129 3218 com·
1141 3178 1173 3231 30

81 3255 165 3315 modi
188 3275 279 3315 causa
299 3275 389 3333 quam
410 3254 512 3316 omnia
531 3255 724 3315 incommoda
746 3254 845 3315 subire
867 3256 915 3315 vel
939 3266 1058 3316 externa
1081 3257 1128 3316 vel

80 3350 299 3428 corporis**vel
316 3352 406 3413 etiam
426 3351 519 3429 ipsius
540 3350 640 3423 animi,
662 3370 738 3428 quae
755 3361 861 3410 vacent
879 3349 989 3411 iustitia
999 3367 1009 3420 3
1055 3353 1128 3413 haec

107 3469 191 3511 several
222 3469 295 3520 cases,
333 3448 414 3509 enim
431 3468 492 3508 una
509 3448 600 3508 virtus
620 3447 754 3508 omniurn
774 3458 819 3506 est
837 3446 959 3507 domina
978 3457 1007 3508 et
1027 3447 1128 3525 regina

80 3519 297 3561 inwhichtheinter-
354 3545 360 3557 ·
644 3543 650 3556 .
758 3543 763 3554 .
804 3543 810 3555 .
893 3542 899 3554 .
953 3542 959 3554 .

79 3570 295 3611 mmmmm.
333 3557 481 3606 virtutum.
507 3566 551 3622 29.
570 3547 704 3604 Forsitan
715 3563 859 3621 quispiam
870 3544 987 3605 dixerit:
1004 3546 1127 3606 ‘Nonne

78 3621 245 3713 {mium
253 3620 297 3712 ’ἐξ
335 3640 422 3721 igitur
435 3640 560 3719 sapiens,
572 3640 597 3701 si
611 3641 689 3700 fame
703 3638 767 3716 ipse
781 3638 961 3712 conficiatur,
975 3638 1127 3702 abstulerit
1141 3663 1171 3715 35

128 3821 142 3855 a
175 3804 284 3869 cuipiam
294 3804 403 3868 Malim}
408 3806 450 3854 lu
460 3821 516 3855 cum
527 3805 624 3856 meliore
623 3803 733 3872 familia
742 3801 821 3865 codd„
832 3801 952 3869 cuiquam
963 3803 1004 3855 Bo
1015 3805 1043 3854 St
1057 3805 1140 3854 Helm.

68 3898 104 3946 μ
121 3899 185 3946 qaae
202 3892 290 3934 vacent
303 3886 398 3937 iustitia
415 3888 449 3938 St
463 3889 551 3942 Heius
562 3890 615 3943 Mu
626 3906 685 3943 cum
698 3890 779 3952 codd..
795 3906 864 3960 quae
878 3903 937 3940 non
947 3894 1046 3941 uacent
1056 3885 1162 3937 'iustum
