2580 4184
283 190 435 250 NOTES
474 191 565 250 Boou
580 192 613 251 II
634 209 670 250 cc
683 208 717 250 xr
732 208 778 250 xn
799 192 958 267 διο-42
1086 207 1143 268 277

143 360 162 406 L
174 362 197 405 9.
229 359 308 406 tante
318 362 351 407 ut
361 356 457 417 mmet]
474 356 630 406 consecutive
641 355 705 419 suhj.
719 359 761 405 ‘so
774 355 845 418 that?

95 501 110 560 g
138 440 213 550 6llll.
245 436 402 498 contituta]
418 437 466 500 i.q.
483 437 540 486 bene
554 437 691 497 constituta,
710 437 782 486 ‘well
797 435 920 487 ordered.'
953 437 1146 501 Cpinstructos

122 518 136 565 3
173 516 236 565 ,ap

493 607 664 657 CHAPTER
681 607 737 656 XII

145 696 218 754 541,
236 697 256 743 t.
274 699 311 744 12.
346 695 606 756 statuerentur]
623 707 634 743 1
651 693 683 760 96
700 693 729 743 of
744 693 857 754 Deioces,
877 693 920 745 the
937 695 1001 744 lame
1018 694 1047 744 of
1060 695 1144 746 whose

93 757 181 873 {pistico
192 761 311 835 attracted
324 767 351 808 to
361 760 413 808 him
425 761 513 854 spitors
525 760 588 808 from
599 759 633 808 all
642 767 760 823 quarters,
776 759 813 808 till
823 767 850 808 at
860 759 907 809 last
920 761 961 810 the
970 761 1058 810 Medes
1069 762 1144 810 chose

114 842 148 874 rm
159 825 197 873 for
208 825 271 873 their
282 825 343 887 king
352 826 385 884 (u.
394 837 418 874 c.
434 826 498 886 quo).
512 870 514 874 ,

143 909 162 955 1.
174 908 211 953 14
247 909 313 954 hene
324 910 422 955 moreti
429 917 505 964 reges
516 901 667 966 amusan]
683 904 715 952 In
726 903 775 953 this
790 903 854 953 view
864 903 894 953 of
905 904 948 953 the
959 904 1062 968 original
1075 904 1143 954 insti·

99 971 180 1020 tution
191 972 220 1019 ol
232 971 319 1035 kingly
329 988 413 1036 power
423 972 512 1021 Cicero
526 989 630 1037 appears
645 974 703 1022 here
715 974 763 1021 and
781 973 879 1023 Invent.
892 986 901 1023 1
913 975 927 1034 5
939 991 961 1031 a,
973 974 1048 1024 Tusc.
1059 986 1078 1023 v
1088 976 1102 1034 5
1114 991 1137 1038 5,

97 1036 236 1099 Leg.1114
252 1043 278 1085 to
294 1036 358 1085 have
374 1037 489 1086 followed
506 1037 544 1086 his
558 1047 650 1087 master
664 1037 817 1096 Posidonius,
835 1052 850 1086 a
864 1053 967 1103 passage
980 1038 1044 1089 irom
1055 1039 1139 1089 whose

97 1108 167 1157 work
179 1105 341 1170 rporperrtnel
352 1107 404 1167 (the
415 1106 582 1171 groundwork
593 1107 623 1156 of
635 1107 745 1156 Cicero's
756 1107 913 1168 Hortensius)
929 1109 951 1156 is
965 1108 1096 1172 preserved
1111 1109 1144 1173 by

99 1173 187 1222 Senec.
203 1189 244 1236 ep.
262 1184 313 1221 xlv
331 1188 344 1220 u
363 1177 405 1238 (90
416 1175 429 1231 5
442 1172 465 1233 5)
483 1173 527 1220 illo
538 1187 593 1235 ergo
608 1173 707 1232 saeculo,
726 1172 792 1235 quod
805 1187 910 1220 aurnum
922 1173 1055 1236 perhibent,
1070 1181 1144 1237 penes

96 1239 212 1300 sapuntes
214 1238 298 1299 fuisse
307 1252 410 1300 regnunt
421 1236 564 1285 Posidonius
578 1237 679 1284 isede'eat.
712 1237 742 1284 bi
756 1237 912 1285 continebant
927 1253 1018 1285 suanus
1033 1245 1057 1286 et
1070 1238 1144 1300 infir·

94 1303 200 1351 miorem
218 1317 236 1350 a
256 1302 418 1350 vummribat
434 1301 658 1351 luctantum—Sed
668 1307 799 1365 postquam
820 1301 1002 1366 subrepentibus
1024 1303 1092 1350 vuie's
1114 1302 1143 1350 in

96 1367 256 1429 tyrannidem
264 1370 345 1430 regua
354 1381 468 1414 ceroma
478 1373 544 1424 sunt,
558 1373 617 1429 open
627 1382 674 1415 esse
688 1366 763 1429 coepit
774 1366 873 1428 legibue,
892 1383 953 1430 quas
962 1373 987 1415 et
1001 1365 1066 1430 ipsas
1078 1367 1145 1416 inter

97 1432 176 1479 initia
192 1432 268 1479 tulere
283 1432 408 1494 sapientes.
446 1431 493 1493 Cp.
505 1431 537 1478 de
548 1447 600 1494 rep.
615 1443 637 1479 11
653 1432 665 1489 5
681 1445 720 1490 ιι,
734 1430 835 1480 Tacitus
847 1432 912 1481 Anu.
929 1443 962 1480 ιιι
975 1431 1005 1481 οό
1012 1438 1144 1496 postquam

96 1496 159 1544 exui
167 1496 305 1560 aequalitas
314 1503 338 1543 et
345 1503 390 1560 pro
402 1495 516 1544 orodestia
526 1511 555 1543 ac
561 1496 656 1558 pudore
670 1495 773 1544 ambitio
787 1503 809 1544 et
818 1496 858 1544 vis
870 1496 996 1555 incedebat,
1012 1504 1144 1559 provenere

96 1561 181 1608 statim
191 1560 504 1623 dominationes—quidam
516 1560 609 1618 statim,
626 1567 673 1608 aret
681 1567 811 1624 postquam
827 1577 913 1624 regum
924 1568 1073 1625 pertaesum,
1084 1561 1144 1623 leges

98 1626 250 1701 maluerunt,
265 1625 352 1673 lustin.
366 1625 434 1673 Hist.
448 1624 584 1688 Philipp-l.
603 1640 613 1673 1
623 1625 757 1700 principio,
768 1641 860 1701 rerum,
871 1627 991 1701 gentium¹
1001 1627 1143 1701 uatipnnne·

97 1689 1071 1819 tlt,lttptltttttttmutthtuitulinum
1092 1705 1143 1738 '‘⁹''

144 1836 163 1882 t
178 1838 216 1882 16.
248 1833 336 1894 inope]
352 1834 456 1882 another
466 1833 569 1896 reading
578 1833 600 1882 is
611 1834 656 1883 ‘in
667 1831 747 1895 otio,'
761 1834 801 1882 ‘in
813 1833 872 1883 time
883 1833 912 1883 oi
919 1830 1014 1899 peace?

145 1917 164 1963 1.
176 1919 213 1964 17.
249 1915 447 1976 monstenem]
480 1916 592 1978 Draeger
603 1915 661 1963 hist.
674 1920 737 1978 synt.
751 1916 764 1974 5
778 1930 824 1964 roo
835 1929 860 1978 p.
874 1926 929 1977 17¹·

145 1998 417 2052 pronuntiatura
439 1995 583 2056 tenuiores]
615 1995 750 2043 ‘defended
778 1994 820 2042 the
847 2009 936 2058 poorer
961 1993 1052 2044 classes
1079 1995 1143 2044 from

97 2059 203 2123 wrong.’
234 2060 375 2109 Probeberet
393 2060 518 2108 iniuriam
536 2076 552 2107 a
570 2059 723 2108 tenuioribus
741 2059 824 2107 would
844 2059 906 2108 have
930 2060 993 2108 been
1012 2060 1054 2107 the
1073 2075 1142 2108 more

97 2126 166 2172 usual
184 2125 359 2174 construction.
393 2126 440 2188 Cp.
462 2125 513 2174 Cic
533 2140 578 2188 pro
598 2125 645 2187 leg·
663 2124 733 2171 Man.
753 2126 766 2182 5
786 2126 814 2172 18
832 2130 866 2171 est
882 2124 963 2186 igitur
977 2125 1144 2172 humanitatis

97 2197 189 2238 vestrae
200 2206 319 2253 maguum
330 2205 463 2238 numerum
473 2190 565 2237 civium
577 2190 641 2237 cala
646 2204 670 2236 m
675 2189 718 2236 ita
723 2195 749 2236 te
752 2187 913 2251 probibere,
928 2189 1018 2238 Caesar
1029 2189 1061 2237 de
1073 2190 1102 2237 B.
1109 2189 1143 2237 G.

98 2266 108 2303 1
130 2268 157 2314 15
175 2255 272 2314 bostem,
292 2255 398 2316 rapinis,
408 2253 612 2319 pabulationibus
628 2252 873 2317 populationibusque
887 2253 1051 2318 probibere,
1078 2254 1143 2301 Hor.

98 2320 170 2368 Od.1
184 2332 222 2382 27,
240 2338 256 2379 4
272 2319 395 2366 Baecbum
408 2319 550 2381 sanguineis
558 2318 710 2381 probibate
724 2317 795 2377 relies,
815 2333 855 2380 ep.
872 2329 882 2366 1
902 2332 922 2373 1,
939 2333 968 2379 31
982 2325 1069 2381 corpus
1079 2326 1144 2381 pro·

97 2385 197 2433 bibere
203 2385 321 2447 podagra,
336 2382 400 2446 Livy
411 2395 468 2431 xxv
484 2399 492 2431 ι
497 2397 510 2445 5
522 2381 802 2446 agrosprpulationibus
809 2381 974 2447 probibere,
988 2383 1080 2445 Zumpt
1097 2382 1140 2431 Gr.

97 2449 182 2508 5460.
218 2448 344 2510 Similarly
363 2463 407 2495 our
425 2447 493 2496 word
514 2450 554 2495 ‘to
575 2446 688 2511 prevent’
709 2447 870 2533 ipraevmire)
887 2446 932 2495 has
949 2463 964 2494 a
979 2447 1070 2495 double
1086 2463 1143 2496 con·

97 2514 233 2626 ειωοῑὲοηε
252 2529 293 2598 yve
312 2512 390 2577 speak
406 2512 435 2561 os
453 2512 612 2577 ‘preventing
630 2512 708 2571 harm,
734 2511 831 2560 andos
848 2511 1006 2576 ‘preventing
1021 2528 1037 2560 a
1053 2526 1144 2576 persou

97 2579 160 2627 from
189 2593 251 2626 arm.

144 2661 162 2707 1.
175 2662 213 2707 19.
245 2656 386 2718 uenture]
404 2657 451 2722 ‘by
462 2673 494 2706 an
505 2651 615 2722 equality
625 2656 655 2707 οἱ
662 2654 746 2720 n'ght,'
759 2655 878 2721 Nigelsb.
893 2655 937 2705 lat.
950 2656 1006 2706 Stil.
1019 2672 1044 2721 p.
1057 2655 1096 2707 60.

145 2738 288 2799 renuerat]
312 2738 377 2787 Hor.
396 2739 449 2788 Sat.
467 2749 477 2788 1
497 2753 518 2800 1,
543 2741 574 2804 89
596 2738 621 2788 si
639 2744 750 2802 cognatos
770 2738 902 2787 retinere
922 2737 984 2787 velis
1003 2753 1145 2802 servareque

96 2805 193 2862 amicos,
206 2803 290 2852 deofl.
305 2804 423 2865 115241.
437 2800 460 2853 6.

144 2888 163 2933 1.
176 2889 214 2932 20.
247 2883 351 2945 regum]
368 2899 403 2933 sc.
414 2883 700 2933 constituendorum.
735 2882 794 2947 [Cp.
806 2881 901 2932 Lucian
914 2881 947 2931 de
962 2881 1069 2931 calumn.
1082 2883 1097 2930 8
1109 2883 1145 2931 rlr

95 2950 145 3010 γὰρ
166 2946 207 2998 οὐκ
229 2947 258 2998 ἂν
279 2947 437 3010 ὁμολογήσειε
456 2950 500 3007 τὴν
522 2947 565 3005 μὲν
587 2951 689 3006 ἰσότητα
712 2948 736 2996 ἐν
755 2949 846 2996 ἅπαντι
865 2949 906 2994 καὶ
926 2947 955 2995 ro'
976 2948 1048 3006 μηδὲν
1071 2949 1145 2994 πλέον

97 3012 243 3073 δικαιοσύνης
254 3014 315 3074 ἔργα
326 3014 394 3072 εἶναι,
406 3015 435 3061 τὸ
446 3013 472 3061 δὲ
483 3011 602 3062 iurabere
613 3014 653 3061 καὶ
665 3014 831 3061 πλεονεκτικὸν
843 3009 932 3061 ἀδικίας
938 3029 946 3072 ;
955 3022 1036 3070 J.u.e.
1045 3011 1090 3074 M.]

144 3097 163 3141 1.
176 3099 212 3144 21.
248 3094 339 3156 auter]
355 3093 371 3143 i.
379 3109 402 3158 q.
415 3094 530 3158 alioqui
546 3090 709 3153 ‘otherwise’
722 3096 756 3154 15
771 3108 823 3159 139,
839 3095 897 3153 1115
912 3106 949 3156 17.

144 3177 157 3234 5
168 3179 219 3234 42,
233 3178 252 3224 1.
264 3180 302 3223 28.
335 3175 435 3236 minue]
453 3191 469 3224 a
479 3175 567 3239 simple
579 3175 692 3239 negative
697 3195 720 3215 =
719 3182 823 3238 parum,
837 3173 949 3223 minime.

145 3267 213 3312 queo
223 3255 405 3317 loquerentur]
416 3256 572 3307 consecutive
588 3254 743 3319 subjunctive
754 3255 817 3304 atter
826 3270 897 3319 quae.

143 3338 162 3384 1.
174 3341 213 3383 ιδ.
245 3335 348 3397 muns]
366 3351 400 3386 sc.
412 3352 467 3386 esse.

143 3420 161 3466 t
176 3422 215 3465 26.
247 3421 372 3468 ammoto
382 3418 425 3480 ut]
443 3419 480 3468 ‘if
487 3418 513 3468 in
525 3418 637 3468 addition
648 3418 707 3482 they
718 3433 782 3467 were
793 3415 898 3482 thought
909 3413 987 3465 wise’
1019 3415 1146 3465 Adiuncto

94 3481 181 3530 ut=si
195 3497 249 3530 vero
259 3483 390 3532 accessisset
405 3488 441 3543 ut,
457 3499 497 3547 cp.
517 3485 580 3534 Hor.
598 3485 646 3548 Ep.
668 3495 677 3531 1
693 3498 729 3542 ro,
748 3497 780 3544 50
793 3488 914 3545 excepto,
928 3480 995 3545 quod
1009 3497 1058 3529 reon
1070 3480 1148 3530 simul

95 3561 160 3605 esses,
174 3553 249 3594 cetera
265 3548 351 3606 laetus,
366 3548 397 3596 de
414 3547 455 3598 fin.
478 3560 499 3596 11
517 3551 530 3608 5
547 3549 576 3609 85
589 3548 719 3613 perfecto
735 3554 759 3597 et
772 3546 906 3596 concluso
921 3561 999 3609 neque
1011 3545 1145 3594 virtutibus

96 3612 175 3659 locum
190 3627 241 3659 esse.
278 3611 369 3676 Zumpt
386 3612 429 3661 Gr.
444 3613 457 3672 5
469 3610 524 3674 647,
539 3613 569 3661 Ρ.
586 3617 612 3662 S.
625 3612 669 3662 Gr.
682 3628 707 3676 p.
719 3624 776 3676 497,
790 3611 895 3674 Madvig
912 3610 955 3660 Gr.
974 3613 988 3670 5
1005 3624 1061 3675 4²9·
1095 3610 1145 3675 Cp.

95 3690 141 3739 pro
153 3674 200 3737 leg.
210 3676 301 3736 Man.5
313 3691 345 3738 50
356 3691 411 3724 cum
422 3677 479 3724 baec
488 3693 580 3740 quoque
589 3677 759 3742 opportunitas
768 3676 954 3739 adiungatur
963 3681 992 3723 ut
1003 3675 1032 3723 in
1043 3674 1075 3724 iit
1086 3674 1146 3740 ibus

95 3740 152 3788 locis
162 3740 228 3787 adsit
238 3747 296 3788 cett.
330 3741 441 3803 Draeger
452 3741 508 3791 hist
525 3742 595 3804 Synt
612 3753 642 3791 ιι.
656 3743 669 3802 5
681 3742 736 3804 387.

142 3823 161 3869 L
176 3824 213 3872 ne.
248 3821 400 3885 mttneudel
416 3837 455 3890 cp.
469 3823 502 3874 de
512 3822 606 3876 invent.
619 3833 630 3876 1
642 3825 657 3888 5
669 3837 684 3890 3
694 3822 775 3892 fidem
786 3822 861 3874 colere
878 3827 901 3872 et
917 3819 1084 3870 iustitiam
1099 3811 1177 3864 eeti-

90 3899 164 3933 nere.
