2580 4184
82 208 119 270 11
133 224 165 268 ιν
182 203 233 288 15]
544 204 595 264 Dc
613 202 681 262 utili
1095 192 1134 269 ⁶5

81 369 300 463 ffifggsfflffiffi
337 370 469 432 inanima
481 367 618 442 diximus,
633 369 773 445 pleraque
786 375 856 426 sunt
868 362 1025 425 hominum
1038 357 1134 440 operis

83 471 165 564 Q
179 470 243 514 ³¹⁰⁰⁸
259 485 300 514 ω
337 471 451 543 effecta,
465 485 543 545 quae
563 484 620 526 nec
640 464 823 536 haberemus,
839 459 895 521 nisi
916 478 1022 519 manus
1040 468 1070 519 et
1088 474 1136 518 ars

164 550 170 564 ⁸
337 564 517 638 accessisset,
528 561 705 624 neciissine
716 560 871 622 hominum
882 554 1136 620 administratione

84 676 243 727 uteremur.
286 664 394 740 Neque
418 661 498 723 enim
521 658 698 721 valetudinis
725 656 837 718 curatio
865 674 962 733 neque
988 651 1135 731 navigatio

84 781 184 840 neque
203 759 265 839 agri
282 761 397 820 cultura
414 777 511 835 neque
529 759 645 835 frugum
658 757 866 831 fructuumque
879 751 1059 828 reliquorum
1072 767 1136 826 per·
1164 768 1178 818 ⁵

85 858 185 936 ceptio
206 868 237 918 et
257 854 442 916 conservatio
463 853 526 915 sine
547 852 702 914 hominurn
720 869 811 928 opera
828 850 888 909 ulla
904 867 968 909 esse
981 845 1134 924 potuisset

44 1015 46 1021 ,
89 975 135 1032 13.
178 955 245 1015 Iam
259 971 330 1013 vero
348 962 378 1012 et
394 970 495 1011 earum
509 969 612 1024 rerum,
621 948 728 1025 quibus
742 947 966 1016 abundaremus,
972 940 1136 1020 exportatio

85 1062 118 1113 et
137 1069 247 1125 earum,
260 1047 367 1126 quibus
388 1066 550 1124 egeremus,
561 1044 690 1105 invectio
710 1053 790 1104 certe
811 1043 892 1102 nulla
912 1051 998 1114 esset,
1014 1037 1070 1099 nisi
1090 1037 1136 1097 his

86 1145 260 1208 muneribus
269 1143 406 1205 homines
415 1145 611 1220 fungerentur.
643 1140 817 1216 Eademque
827 1136 940 1198 ratione
954 1155 1010 1196 nec
1023 1134 1137 1213 lapides

87 1249 197 1301 eterra
213 1234 418 1297 exciderentur
434 1235 474 1294 ad
493 1253 580 1294 usum
602 1244 736 1293 nostrum
755 1229 920 1306 necessarii,
931 1247 989 1289 nec
1009 1229 1137 1288 serrum
1152 1250 1181 1285 ιο

88 1346 148 1392 aes
172 1349 294 1391 aurum
318 1340 501 1407 argentum
523 1330 701 1390 effoderetur
722 1325 866 1407 penitus
890 1323 1050 1386 abditum
1074 1323 1139 1381 sine

36 1423 77 1476 tv
88 1419 247 1482 hominum
266 1418 367 1480 labore
387 1429 418 1479 et
437 1438 537 1479 manu.
578 1421 672 1480 Tecta
684 1416 875 1496 vero,quibus
891 1429 921 1478 et
939 1415 1078 1494 frigorum
1091 1413 1136 1476 vis

87 1518 246 1594 pelleretur
272 1525 302 1576 et
329 1516 460 1575 calorum
487 1514 640 1576 molestiae
667 1515 846 1588 sedarentur,
870 1511 958 1575 unde
978 1524 1029 1574 aut
1052 1512 1136 1574 initio

86 1612 188 1692 generi
208 1613 341 1681 humano
362 1610 425 1671 dari
442 1611 608 1689 potuissent
626 1622 677 1672 aut
697 1623 801 1689 postea
822 1609 978 1685 subveniri,
995 1609 1021 1672 si
1038 1620 1089 1670 aut
1106 1609 1136 1670 vi

86 1706 273 1786 tempestatis
290 1721 342 1768 aut
360 1717 452 1768 terrae
466 1720 549 1768 motu
564 1719 615 1768 aut
627 1718 773 1768 vetustate
786 1707 970 1780 cecidissent,
986 1706 1043 1767 nisi
1056 1725 1136 1768 com·
1150 1723 1178 1774 15

86 1804 186 1865 munis
197 1803 257 1865 vita
271 1804 308 1864 ab
322 1802 492 1864 hominibus
505 1805 609 1864 harum
623 1824 720 1864 rerum
734 1803 842 1863 auxilia
855 1814 956 1880 petere
965 1802 1138 1864 didicisset?

91 1920 136 1975 14.
158 1901 250 1961 Adde
268 1900 374 1960 ductus
393 1919 544 1977 aquarum,
559 1899 754 1961 derivationes
769 1898 933 1974 fluminum,
947 1918 1082 1978 agrorum
1096 1897 1139 1958 in·

86 1996 255 2075 rigationes,
271 1997 364 2056 moles
378 1995 529 2073 oppositas
543 1997 689 2068 fluctibus,
704 2007 806 2073 portus
824 1998 1039 2057 manufactos:
1062 2013 1138 2072 quae

87 2093 170 2154 unde
189 2091 254 2153 sine
273 2091 428 2152 hominum
442 2111 531 2169 opere
545 2093 653 2154 habere
668 2097 844 2170 possemus?
885 2089 932 2153 Ex
945 2093 1052 2170 quibus
1066 2093 1139 2152 mul-

88 2188 186 2266 tisque
209 2187 273 2248 aliis
297 2187 485 2264 perspicuum
507 2199 560 2260 est,
581 2188 632 2266 qui
653 2190 764 2248 fructus
786 2209 920 2266 quaeque
941 2189 1080 2250 utilitates
1102 2209 1137 2250 ex
1150 2203 1181 2237 20

88 2285 177 2346 rebus
195 2283 231 2345 iis
246 2303 322 2361 quae
341 2282 399 2344 sint
418 2282 566 2346 inanimae
584 2285 855 2363 percipiantuneas
874 2306 929 2347 nos
949 2288 1031 2347 nullo
1046 2286 1138 2348 modo

89 2381 154 2442 sine
168 2378 325 2441 hominum
339 2398 429 2440 manu
443 2391 532 2457 atque
547 2400 637 2459 opera
648 2401 753 2459 capere
763 2381 902 2459 potuisse.
939 2382 999 2458 Qui
1010 2382 1139 2460 denique

89 2497 128 2540 ex
141 2476 243 2538 bestiis
254 2478 365 2536 fructus
375 2487 425 2536 aut
436 2496 516 2553 quae,
527 2479 734 2551 commoditas,
746 2479 802 2540 uisi
816 2478 952 2540 homines
966 2480 1148 2551 adiuvarent,

88 2572 205 2652 percipi
218 2574 342 2651 posset?
376 2575 455 2632 Nam
470 2583 500 2635 et
511 2573 561 2650 qui
575 2573 723 2653 principes
737 2575 907 2637 inveniendi
922 2579 1138 2655 suerunt‚quem

90 2690 129 2732 ex
139 2688 257 2747 quaque
271 2669 360 2728 belua
373 2688 459 2729 usum
474 2670 583 2730 habere
596 2689 756 2748 possemus,
764 2672 900 2732 homines
913 2684 992 2734 certe
1006 2675 1134 2742 suerunt,
1152 2681 1181 2731 25

91 2785 148 2828 nec
166 2767 227 2826 hoc
245 2775 380 2842 tempore
398 2764 462 2825 siue
480 2765 636 2826 hominurn
655 2787 744 2844 opera
760 2780 810 2828 aut
824 2787 943 2845 pascere
958 2789 1007 2830 eas
1021 2780 1071 2830 aut
1085 2771 1141 2830 do·

91 2881 173 2923 mare
193 2872 244 2922 aut
262 2859 337 2921 tueri
355 2871 406 2921 aut
422 2861 612 2939 tempestivos
626 2864 736 2923 fructus
750 2883 786 2924 ex
806 2862 841 2923 iis
859 2883 963 2942 capere
977 2886 1142 2943 possemus3

91 2958 130 3020 ab
150 2957 325 3035 eisdemque
346 2967 375 3017 et
396 2977 449 3018 eae
470 2977 546 3034 quae
566 2970 676 3020 nocent
697 2959 908 3021 interficiuntur
927 2973 957 3023 et
978 2982 1054 3038 quae
1074 2963 1141 3023 usui

92 3064 219 3132 possunt
246 3072 311 3114 esse
338 3053 502 3130 capiuntur.
546 3072 591 3131 15.
634 3055 716 3131 Quid
744 3077 913 3118 enumerem
936 3059 1043 3119 artium
1066 3060 1141 3119 mul-

93 3149 264 3221 titudinem,
285 3148 349 3210 sine
381 3150 488 3226 quibus
519 3151 579 3212 vita
612 3152 736 3213 omuino
767 3155 849 3213 nulla
879 3173 945 3215 esse
976 3154 1185 3233 potuisset?30

94 3245 155 3323 Qui
174 3245 255 3307 enirn
271 3245 364 3323 aegris
383 3245 593 3320 subveniretur,
608 3267 685 3324 quae
702 3259 780 3309 esset
799 3250 958 3311 oblectatio
970 3252 1139 3323 valentium,

94 3341 146 3420 qui
168 3340 264 3401 victus
288 3351 340 3401 aut
362 3342 469 3415 cultus,
492 3342 549 3403 nisi
572 3354 633 3403 tam
657 3345 768 3405 multae
790 3346 877 3407 nobis
898 3359 975 3407 artes
996 3347 1141 3408 ministra-

93 3441 182 3500 rent?
215 3435 324 3516 quibus
351 3439 438 3498 rebus
464 3441 583 3500 exculta
609 3440 764 3501 hominum
785 3442 845 3503 vita
870 3454 986 3504 tantum
1013 3444 1143 3506 distata

149 3634 178 3682 ¹4
199 3619 330 3670 subvenire
346 3620 387 3669 Ba
405 3637 461 3670 cum
477 3621 571 3686 alr'quot
585 3622 651 3672 codd.
688 3627 699 3681 ll
732 3615 766 3687 ¹19
785 3639 860 3688 opere
880 3641 935 3675 crem
949 3627 1013 3677 codd.
1030 3625 1069 3677 Or
1082 3630 1138 3691 Mu,

32 3744 35 3748 .
98 3715 174 3766 opera
190 3701 232 3751 Ba
250 3700 332 3752 Heine
369 3703 380 3760 ΙΙ
419 3703 516 3754 ausint
537 3705 603 3755 codd.
624 3706 674 3753 Mu
692 3712 748 3755 sunt
767 3707 843 3755 uua·
881 3711 892 3766 ΙΙ
931 3723 960 3772 gr
979 3710 1140 3773 qui-subve-

98 3779 190 3832 niretur
209 3781 343 3832 Gmhard
354 3783 396 3833 Bo
413 3784 494 3834 Heine
511 3786 568 3846 Mu,
587 3786 628 3852 qui
646 3793 693 3837 aut
707 3787 763 3854 quis
779 3795 826 3839 aut
842 3789 905 3859 quid
919 3790 1068 3845 suoredrret
1082 3793 1152 3845 codd.

43 3879 48 3891 ·
98 3867 111 3920 u
123 3878 156 3925 33
171 3863 265 3911 destitit
272 3865 420 3921 (memorie
428 3869 466 3929 se)
475 3867 520 3917 ea
528 3884 587 3919 cum
597 3873 675 3924 BHb:
693 3873 771 3925 distat
781 3877 836 3938 uno

157 3960 213 4000 cra
228 3948 266 4002 dc
279 3948 342 4020 Off
1080 3987 1101 4051 Β
