2580 4184
134 210 189 270 Ix
205 206 258 291 32]
459 210 626 287 limporum
645 210 775 270 habenda
795 210 872 269 ratio
1151 225 1187 282 13

132 367 227 428 altero
250 366 428 444 delinquunt
435 388 445 442 3
473 365 609 426 discendi
633 365 713 427 enim
737 367 837 427 studio
859 363 996 442 impediti
1017 383 1093 442 quos
1114 363 1189 426 tueri

101 465 107 475 “
133 465 247 524 debent
261 464 408 535 deserunt
451 465 560 540 Itaque
581 482 632 523 eos
652 472 692 522 ne
712 464 752 522 ad
765 482 828 523 rem
841 461 992 539 publicam
1006 461 1130 538 quidem
1141 480 1191 527 aa·

133 578 270 621 cessuros
290 570 374 637 putat
393 559 451 619 nisi
471 571 599 621 coactos.
642 559 776 637 Aequius
796 572 897 620 autem
916 569 977 620 erat
991 559 1024 620 id
1035 561 1189 620 voluntate

47 726 53 736 ἢ
133 654 205 716 fieri
248 658 329 716 Nam
352 657 412 718 hoc
432 656 531 734 ipsum
552 656 593 717 ita
615 655 726 718 iustum
748 667 801 730 est,
825 658 907 734 quod
931 668 1012 716 recte
1034 657 1077 730 fit,
1098 655 1123 716 si
1144 667 1189 717 est

133 752 340 813 voluntarium
399 773 445 829 29.
487 755 562 813 Sunt
588 752 679 813 etiam
706 752 758 830 qui
784 764 837 812 aut
857 751 956 812 studio
976 751 1019 811 rei
1039 751 1188 812 familiaris
1218 768 1233 818 5

133 849 265 909 tuendae
282 859 334 909 aut
350 848 422 909 odio
441 849 573 926 quodam
593 849 748 910 hominum
770 869 856 908 suum
877 868 909 908 se
929 848 1081 927 negotium
1101 868 1188 926 agere

138 948 240 1010 dicant
266 966 324 1006 nec
350 948 446 1007 facere
471 945 610 1022 cuiquam
637 944 793 1006 videantur
819 943 966 1005 iniuriam.
1007 944 1067 1022 Qui
1093 947 1186 1006 altero

137 1064 247 1123 genere
260 1043 420 1104 iniustitiae
434 1055 549 1118 vacant,
567 1045 599 1102 in
617 1045 742 1103 alterum
759 1042 910 1102 incurrunt
919 1064 928 1117 ;
948 1044 1087 1104 deserunt
1105 1044 1187 1104 enim

138 1141 217 1202 vitae
231 1139 412 1212 societatem,
424 1137 581 1215 quianihil
595 1137 751 1196 conferunt
761 1135 792 1194 in
802 1154 869 1195 eam
884 1132 983 1205 studii,
993 1131 1067 1191 nihil
1074 1151 1192 1208 operae,

140 1237 411 1297 nihilfacultatum.
1208 1258 1239 1294 ,ο

201 1327 334 1404 Quando
357 1323 445 1402 igitur
466 1322 585 1394 duobus
608 1319 766 1398 generibus
783 1317 942 1379 iniustitiae
964 1316 1125 1396 propositis
1145 1319 1196 1378 ad-

137 1416 288 1477 iunximus
302 1434 406 1474 causas
420 1413 573 1488 utriusque
587 1410 701 1489 generis
715 1429 825 1485 easque
839 1429 885 1469 res
903 1422 972 1470 ante
987 1410 1192 1472 constituimus

138 1513 247 1591 quibus
261 1510 372 1572 iustitia
385 1509 593 1581 contineretur,
608 1506 694 1566 facile
708 1507 790 1583 quod
804 1506 947 1582 cuiusque
968 1507 1108 1584 temporis
1127 1510 1192 1568 offi-

138 1611 219 1671 cium
233 1608 271 1670 sit
284 1607 455 1684 poterimus,
471 1604 527 1665 nisi
542 1614 659 1664 nosmet
673 1602 753 1680 ipsos
766 1604 853 1663 valde
868 1602 1042 1676 amabimus,
1052 1603 1189 1664 iudicare.

140 1716 188 1772 30.
211 1699 265 1756 Est
276 1692 355 1775 enim
366 1692 492 1754 difficilis
503 1711 573 1752 cura
583 1710 677 1750 rerum
686 1688 854 1750 alienarum.
878 1690 1068 1766 Quamquam
1077 1696 1185 1753 Teren·
1211 1723 1238 1768 15

140 1788 239 1848 tianus
253 1787 302 1847 ille
316 1779 459 1848 Chremes
477 1783 609 1844 ‘humani
624 1784 696 1843 nihil
709 1803 728 1842 a
741 1804 773 1844 se
786 1784 916 1845 alienum
930 1790 1033 1863 putat'
1070 1788 1129 1847 Sed
1143 1798 1185 1847 ta·

139 1899 219 1953 men,
235 1878 306 1957 quia
318 1879 411 1957 magis
425 1899 461 1940 ea
471 1879 649 1956 percipimus
664 1891 753 1956 atque
767 1879 919 1953 sentimus,
931 1899 1007 1956 quae
1021 1879 1108 1938 nobis
1122 1878 1193 1956 ipsis

139 1988 191 2039 aut
203 1996 344 2056 prospera
351 1988 408 2067 put
421 1979 544 2037 adversa
557 1977 704 2051 eveniunt,
720 1997 810 2054 quam
824 1977 882 2050 illa,
897 1998 974 2055 quae
988 1977 1101 2052 ceteris,
1117 1996 1194 2053 quae

152 2137 353 2180 mcellentmle
391 2073 475 2150 quasi
493 2076 583 2151 longo
603 2073 756 2134 intervallo
777 2073 930 2134 interiecto
950 2074 1095 2146 videmus,
1110 2074 1193 2134 aliter

140 2189 356 2251 roravormgaru·
394 2172 432 2231 de
447 2169 503 2230 illis
520 2190 555 2229 ac
573 2172 610 2231 de
629 2170 716 2231 nobis
735 2170 908 2230 iudicamus.
952 2171 1099 2246 Quocirca
1115 2173 1192 2231 bene
1206 2207 1237 2241 20

140 2253 222 2291 ’Μ’
390 2268 574 2346 praecipiunt
599 2270 650 2346 qui
676 2281 777 2330 vetant
805 2270 965 2346 quicquam
992 2289 1086 2347 agere,
1110 2272 1193 2348 quod

140 2366 258 2427 dubites
272 2384 402 2442 aequum
421 2364 458 2424 sit
477 2384 515 2423 an
534 2364 689 2442 iniquum:
710 2366 844 2442 aequitas
864 2366 945 2427 enim
961 2368 1040 2427 lucet
1057 2366 1121 2444 ipsa
1140 2387 1193 2444 per

140 2483 182 2533 se,
213 2463 360 2524 dubitatio
374 2462 585 2540 cogitationem
600 2463 744 2541 significat
758 2463 887 2524 iniuriae.

98 2595 122 2644 X
165 2595 214 2636 me
241 2594 311 2635 dud„
332 2593 357 2634 ,s
453 2580 499 2636 31.
522 2562 582 2621 Sed
591 2560 725 2622 incidunt
734 2581 822 2638 saepe
831 2573 972 2638 tempora,
984 2582 1053 2621 cum
1062 2583 1107 2637 ea,
1116 2583 1192 2641 quae

140 2645 353 2748 {ssgficgfflfflj
392 2656 520 2716 maxime
535 2656 672 2717 videntur
686 2659 776 2736 digna
790 2679 854 2720 esse
869 2659 946 2719 iusto
960 2660 1082 2720 homine
1096 2680 1191 2738 eoque
1205 2692 1236 2741 25

140 2759 231 2788 mm·
392 2774 481 2830 quem
496 2755 591 2814 virum
601 2757 716 2816 bonum
731 2757 865 2831 dicimuS,
877 2769 1096 2820 commutantur
1109 2760 1193 2816 fiunt-

141 2871 199 2929 que
210 2850 363 2923 contraria,
375 2862 408 2910 ut
421 2852 544 2912 reddere
558 2852 735 2928 depositum,
750 2856 845 2912 facere
856 2852 1041 2930 promissum,
1057 2872 1193 2931 quaeque

140 2947 288 3024 pertinent
301 2948 341 3006 ad
354 2946 506 3006 veritatem
520 2958 550 3006 et
564 2949 603 3007 ad
616 2949 716 3022 fidem,
731 2969 767 3009 ea
783 2949 905 3027 migrare
925 2949 1073 3010 interdum
1087 2963 1117 3010 et
1131 2969 1192 3010 non

141 3063 255 3104 servare
265 3041 303 3104 ‘fit
315 3043 433 3103 iustum.
456 3042 571 3103 Referri
579 3043 659 3104 enim
673 3047 760 3106 decet
768 3047 807 3106 ad
821 3066 857 3106 ea
867 3065 942 3123 quae
951 3046 1037 3122 posui
1047 3046 1192 3124 principio

141 3140 335 3200 fundamenta
354 3138 499 3200 iustitiae:
527 3139 656 3216 primum
677 3152 768 3202 utne
789 3142 837 3201 cui
857 3154 1007 3216 noceatur,
1029 3143 1138 3204 deinde
1159 3154 1192 3203 ut
1204 3178 1236 3227 3⁰

131 3235 294 3317 [communi
314 3235 432 3296 utilitati
454 3236 601 3297 serviatur.
645 3240 690 3298 Ea
712 3259 782 3298 cum
806 3236 939 3318 ternpore
961 3252 1190 3315 commutantur,

141 3343 339 3394 commutatur
353 3333 482 3393 officium
496 3346 526 3394 et
540 3354 602 3395 non
613 3354 730 3413 semper
744 3349 788 3397 est
801 3337 890 3398 idem.
925 3358 970 3414 32·
995 3341 1097 3398 Potest
1110 3337 1191 3398 enim

314 3501 320 3512 ι
388 3430 522 3491 accidere
547 3432 725 3507 promissum
745 3434 867 3511 aliquod
888 3446 918 3495 et
946 3445 1135 3509 conventum,
1157 3445 1190 3495 ut

141 3499 313 3592 «1,ῗὲῃηῖοέ
314 3515 356 3593 ’ἷῖζ
392 3527 424 3587 id
445 3527 521 3587 effici
541 3528 578 3588 sit
595 3528 697 3590 inutile
714 3531 761 3589 vel
781 3530 809 3590 ei
827 3529 875 3589 cui
891 3529 1068 3607 promissum
1082 3530 1127 3604 sit,
1142 3533 1190 3591 vel

142 3601 353 3651 notalwaystobe
410 3625 417 3637 ο
489 3625 496 3637 ·
607 3624 670 3637 ··
857 3625 863 3638 ·
955 3624 962 3636 ·
1090 3627 1096 3639 .

142 3651 323 3702 adheredt0‚e.g.
336 3652 356 3692 rs
391 3645 419 3686 er
446 3645 498 3702 qur
519 3637 693 3702 promiserit.
736 3628 816 3685 Nam
840 3645 873 3700 sr,
898 3634 931 3684 ut
953 3645 985 3684 m
1007 3627 1113 3688 sabuhs
1134 3639 1187 3702 est,
1207 3658 1235 3707 3⁵

142 3702 177 3761 'i‘
196 3702 354 3794 ffl‘gufflg
391 3725 551 3801 Neptunus
565 3723 648 3800 quod
661 3723 780 3784 Theseo
794 3721 966 3800 promiserat
983 3741 1045 3782 non
1063 3724 1192 3801 fecisset,

179 3881 194 3912 a
209 3865 366 3912 debeant&
393 3868 409 3922 1]
438 3877 503 3930 7ne
513 3863 597 3916 facere
612 3866 651 3919 Or
660 3867 736 3936 vulgo
771 3873 782 3932 ll
819 3887 849 3925 rr
868 3871 1083 3941 quonlamoulgo
1096 3874 1155 3927 edd.
