2580 4184
143 187 201 242 214
323 119 329 134 ·
395 169 548 230 NOTES
585 171 935 248 Boonchxx5108

139 345 202 387 orat.
219 349 252 386 111
275 339 289 397 5
309 354 340 401 30
360 353 449 386 nouam
474 337 601 401 quandam
624 338 746 387 ratunem
768 338 857 387 attulit
874 340 1065 389 orationis-res
1080 350 1194 406 tragicas

134 411 214 467 paene
225 403 312 451 comice
326 403 451 451 tractavit.
485 403 528 451 He
544 403 565 450 is
578 403 724 452 introduced
739 404 772 466 by
785 405 873 452 Cicero
884 421 911 452 as
922 421 970 453 one
981 405 1009 453 of
1018 405 1060 454 the
1071 407 1194 470 speakers

140 469 165 517 iu
177 468 218 516 the
229 468 261 515 de
272 474 385 525 oratore,
401 470 447 526 115
462 482 499 515 1a.
528 467 576 516 See
587 469 693 527 below5
707 482 760 530 133·
773 470 805 517 de
816 476 878 517 orat.
892 480 913 517 11
924 471 938 529 5
949 471 989 534 98,
1001 472 1057 530 1115
1070 485 1107 530 rc,
1119 472 1191 521 Brut.

139 534 203 596 598,
218 531 647 595 Philipp-11511,de0ff.1155o.

186 615 204 661 1.
226 619 249 663 7.
282 611 387 672 imaro]
404 614 418 671 5
435 609 475 670 76.
509 611 606 668 Cicero,
625 613 734 661 deerat.
752 616 793 673 15
811 629 865 674 214,
885 613 975 677 speaks
992 614 1022 662 oi
1033 613 1086 663 him
1103 631 1132 665 as
1149 617 1192 665 mr

138 678 256 740 regendae
276 677 335 740 reip.
363 677 701 740 sanctissimus-prudentia
725 688 806 726 torrem
829 694 913 726 rerum
935 695 1086 741 magnarum
1109 683 1192 744 magu

138 758 214 807 quam
230 741 325 789 clicmdi
340 748 394 791 arte
409 741 542 798 nitebatur,
560 742 629 790 Brut.
646 743 659 800 5
678 757 724 791 rro
740 743 778 792 M
798 743 946 791 Aemilius
967 745 1100 793 Scaurus
1115 752 1140 793 et
1157 748 1190 794 P.
1207 768 1210 774 ·

138 807 260 865 Rutilius,
282 822 388 870 quorum
410 812 496 854 neuter
515 807 610 855 samnii
629 807 734 855 oratoris
755 807 844 854 habuit
864 808 969 864 laudem,
990 814 1014 856 el
1035 815 1138 873 uterque
1160 811 1191 860 in

139 872 225 918 rntcltis
242 871 324 919 causer
342 879 451 919 versatus
469 877 529 926 crat,
546 871 581 919 ib.
599 872 612 930 5
631 869 676 920 116
692 872 808 919 habemus
825 873 853 919 in
871 873 958 920 Stoicis
977 874 1115 922 aratoribus
1132 875 1189 923 Ru·

138 935 233 994 tilium,
256 937 400 984 Scaurum
423 935 452 983 in
473 936 593 999 antiquis.
628 936 684 984 The
703 936 829 984 character
851 937 880 985 of
899 937 937 985 his
956 945 1054 1000 oratory
1073 938 1095 988 is
1113 938 1191 1002 given

139 999 165 1047 in
184 1001 253 1048 Brut.
273 1003 286 1058 5
307 1017 348 1049 rrr
370 1001 398 1049 iu
417 1001 528 1048 Scauri
543 1000 658 1059 oratione,
678 1002 797 1065 sapientis
818 1001 926 1048 hominis
946 1008 969 1049 et
989 1003 1053 1061 recti,
1072 1005 1192 1066 grauitas

137 1081 234 1112 suatrna
256 1072 280 1114 et
299 1066 426 1113 naturalis
446 1066 565 1128 quaedam
588 1065 672 1112 inerat
692 1067 834 1123 auctoritas,
853 1082 903 1114 non
925 1073 956 1114 ut
976 1082 1076 1115 causant
1097 1068 1140 1117 sed
1161 1076 1193 1118 ut

138 1131 303 1178 testemonium
314 1131 392 1179 dicere
397 1138 508 1194 putares,
522 1146 577 1178 cum
584 1137 633 1193 pro
644 1146 683 1178 reo
693 1131 788 1180 diceret.

185 1208 280 1269 Druso]
313 1210 350 1259 M.
364 1209 468 1256 Livius
480 1209 594 1257 Drusus
605 1224 656 1256 was
668 1209 766 1258 theson
779 1209 807 1258 oi
816 1210 853 1258 M.
864 1209 949 1258 Livius
961 1211 1056 1260 Drusus
1068 1211 1125 1261 who
1136 1228 1191 1264 was

138 1273 234 1323 tribune
250 1273 279 1321 os
293 1273 335 1322 the
351 1274 422 1336 plebs
438 1273 499 1322 with
517 1273 546 1322 C.
564 1273 691 1322 Gracchus
709 1285 761 1324 lac.
783 1290 827 1322 raa
847 1272 924 1337 (Brut.
942 1278 955 1334 5
974 1275 1038 1339 109).
1076 1277 1120 1326 He
1136 1293 1190 1329 was

137 1338 239 1387 himself
253 1338 350 1386 tribune
361 1338 390 1386 oi
401 1338 444 1386 the
457 1338 528 1401 plebs
544 1350 598 1387 isc.
613 1353 652 1403 91,
667 1339 747 1392 when.
760 1339 851 1403 having
866 1341 996 1403 organIsed
1012 1356 1027 1388 a
1042 1342 1190 1407 conspiracy

138 1403 233 1466 against
246 1403 287 1450 the
302 1411 472 1466 govemment,
484 1403 515 1451 he
526 1418 577 1451 was
592 1403 754 1452 assassinated
768 1404 918 1466 (interfectus
932 1405 1000 1453 domi
1013 1420 1078 1462 suae,
1090 1407 1123 1456 de
1133 1416 1189 1456 nat.

139 1479 173 1515 111
190 1469 203 1526 5
220 1469 259 1522 80,
277 1469 290 1524 5
308 1469 346 1524 81,
365 1468 428 1514 Her.
446 1487 461 1528 4
477 1467 491 1524 5
509 1467 557 1529 31).
594 1467 641 1531 Cp.
660 1468 729 1516 Brut.
750 1470 764 1527 5
783 1484 829 1517 aaa
848 1469 887 1517 M.
904 1471 1035 1530 Drusus,
1051 1471 1090 1519 M.
1108 1472 1192 1521 Bruti

138 1546 243 1594 magnus
263 1532 409 1591 corcuculus,
426 1532 515 1594 grauis
535 1538 620 1581 orator
636 1532 674 1581 ita
692 1533 825 1589 duntaxat,
845 1549 901 1582 cum
917 1535 945 1581 dc
961 1541 1009 1598 rep.
1028 1535 1121 1594 diceret,
1141 1553 1190 1600 pro

138 1596 204 1644 Rab.
224 1597 292 1644 Post.
315 1599 328 1655 5
353 1594 389 1654 16,
411 1612 456 1660 pro
479 1596 577 1645 Cluent.
596 1599 609 1656 5
629 1612 682 1659 153,
700 1613 746 1661 pro
764 1599 840 1646 domo
862 1600 875 1656 5
900 1613 952 1657 120,
972 1614 1018 1662 pro
1040 1600 1093 1649 Mii
1113 1603 1127 1659 5
1148 1601 1189 1651 16.

138 1660 261 1709 Asconius
277 1661 303 1708 in
321 1661 420 1725 Comel.
434 1676 458 1736 p.
471 1658 502 1707 68
518 1662 554 1710 M.
575 1662 679 1710 Livius
696 1662 821 1718 Drusus,
837 1663 954 1710 tribunus
964 1664 1004 1726 pl.
1015 1680 1072 1713 cum
1086 1673 1190 1715 renatus

132 1732 217 1789 partes
232 1725 334 1772 terendas
347 1733 483 1788 uescepcsset
496 1732 520 1774 et
533 1726 591 1789 leges
600 1734 648 1789 pro
663 1727 821 1789 optimatibus
834 1728 937 1782 tulisset,
945 1734 1028 1790 postea
1040 1745 1065 1778 eo
1075 1730 1190 1780 licentias

136 1797 171 1838 est
185 1797 336 1852 progressus,
359 1797 388 1838 ut
409 1791 509 1838 narheim
532 1792 561 1839 in
583 1791 623 1839 his
644 1807 735 1839 nearent
756 1799 870 1841 servaret.
906 1793 995 1855 Itaque
1016 1794 1048 1842 L.
1069 1795 1189 1843 Marcius

137 1855 271 1918 Philippus
285 1854 370 1902 consul
383 1871 406 1905 a.
425 1871 449 1904 u.
467 1870 488 1904 c.
509 1854 563 1916 663,
581 1855 627 1919 qui
640 1856 665 1904 ei
681 1856 797 1904 inimicus
812 1863 873 1911 erut,
890 1857 995 1904 obtinuit
1010 1873 1027 1905 a
1042 1865 1137 1919 senatu,
1155 1867 1187 1907 ut

137 1919 195 1982 leges
205 1921 256 1967 cius
266 1934 347 1968 omnes
357 1935 408 1968 uno
417 1927 515 1968 senatus
525 1922 631 1970 cortsulto
640 1921 790 1969 tollerentur.
823 1922 955 1969 Decretum
968 1929 1002 1971 est
1014 1924 1089 1980 ertias,
1101 1932 1188 1973 cantra

136 1985 245 2047 auspicia
255 2000 301 2032 esse
309 1985 374 2033 latas
384 2001 460 2049 neque
471 1985 503 2033 iis
513 1986 592 2034 teneri
597 1987 725 2049 populum

184 2066 203 2111 1.
221 2070 243 2113 8.
278 2066 303 2111 0.
320 2064 417 2124 Laelio]
434 2065 447 2123 5
464 2078 504 2129 90.
538 2065 584 2127 Cp.
605 2080 650 2128 pro
667 2065 733 2112 Mur.
751 2065 763 2123 5
779 2063 811 2114 66
832 2064 889 2128 quis
914 2065 941 2115 C.
962 2067 1066 2116 laelio
1086 2068 1182 2129 comior,

136 2129 191 2193 quis
202 2129 337 2178 iucundior
345 2131 423 2179 eodem
434 2145 464 2176 cx
475 2130 554 2179 strcdio
566 2130 631 2179 isto?
646 2130 703 2193 quis
715 2130 758 2178 illo
765 2131 878 2193 gravior,
892 2131 1045 2194 rapinatim?

162 2214 165 2219 '
184 2213 203 2259 1.
217 2216 238 2259 9.
275 2210 401 2270 scipione]
415 2209 430 2257 i.
436 2227 456 2258 e.
473 2210 514 2259 the
525 2226 636 2274 younger
647 2210 786 2268 Africanus,
801 2212 886 2272 5871.
901 2228 915 2275 3
927 2221 993 2271 note,
1008 2215 1021 2272 5
1035 2212 1088 2274 116,
1102 2216 1116 2274 5
1130 2229 1185 2264 1²1.

185 2277 304 2336 ambitio]
326 2276 419 2324 ‘desire
433 2274 462 2323 oi
473 2274 631 2338 popularity,’
643 2275 726 2324 Germ.
745 2276 1064 2342 ‘Menschengefalligkeit’
1076 2277 1184 2344 (Heme).

138 2339 185 2403 Cp.
200 2341 231 2388 ad
244 2341 292 2402 Qu.
309 2340 338 2389 fr.
358 2352 367 2389 1
386 2356 406 2398 1,
430 2356 455 2388 11
469 2341 617 2403 praesertim
634 2356 690 2387 ciem
706 2340 736 2388 hi
752 2357 828 2390 mores
843 2348 943 2390 tantum
958 2343 1010 2391 iam
1026 2344 1062 2391 ad
1075 2345 1184 2392 nimiam

137 2405 285 2453 lenitatem
301 2412 323 2452 et
341 2405 377 2451 acl
390 2404 582 2452 ambitionem
596 2405 761 2459 incubuerint,
779 2406 811 2452 ad
832 2406 890 2452 sam.
906 2418 961 2454 x111
979 2422 1002 2468 5,
1021 2421 1031 2454 1
1052 2424 1112 2456 nam
1127 2425 1185 2457 cum

137 2469 214 2516 ntcclti
231 2485 247 2516 a
264 2485 302 2517 nee
313 2475 402 2531 petant
418 2468 506 2527 ruulta,
527 2483 576 2516 non
598 2470 726 2526 committo,
746 2477 776 2517 ut
796 2470 955 2518 arrcbitione
971 2488 1024 2520 mea
1045 2474 1184 2522 conturbem

138 2534 241 2596 effla'um
252 2541 332 2582 tunna
366 2534 414 2584 See
426 2536 507 2598 suppl.
519 2546 597 2584 notes.

186 2626 205 2669 1.
228 2627 266 2670 1⁰.
299 2622 413 2681 tristior]
431 2627 512 2671 ‘more
528 2623 643 2684 austere,’
660 2629 746 2674 ‘more
762 2624 821 2673 sad’
838 2625 863 2673 in
886 2625 929 2674 the
945 2625 987 2674 old
1004 2642 1074 2675 sense
1091 2625 1119 2675 ol
1136 2628 1180 2677 the

138 2686 215 2744 word,
229 2690 269 2738 i.e.
286 2688 365 2733 ‘more
377 2686 491 2734 earnest.'

185 2757 217 2801 de
229 2753 341 2812 Graecis]
352 2768 376 2802 n.
391 2759 417 2801 to
430 2765 463 2800 111
476 2753 489 2812 5
502 2766 540 2814 34.

184 2836 203 2881 1.
232 2838 269 2881 11.
303 2835 484 2882 simulatorem
500 2844 578 2891 quem
594 2830 683 2897 sipara
695 2834 757 2892 oet]
782 2833 871 2894 Εἴρων
889 2832 910 2881 is
926 2832 1043 2896 properly
1058 2848 1106 2882 one
1126 2832 1184 2882 who

137 2898 250 2948 conceals
272 2898 337 2946 what
360 2898 392 2946 he
410 2913 540 2961 possessos,
558 2897 624 2945 what
642 2897 674 2946 he
696 2899 794 2955 thinks;
818 2900 859 2946 the
879 2907 941 2945 term
962 2914 1012 2946 was
1034 2898 1133 2961 applied
1156 2908 1183 2946 to

139 2965 259 3020 Socrates,
282 2964 386 3012 because
403 2963 436 3012 he
455 2978 506 3011 was
522 2978 550 3011 so
568 2963 642 3011 much
661 2963 687 3011 in
706 2963 747 3011 the
766 2962 835 3010 habit
855 2962 884 3009 ol
899 2962 1058 3025 dissembling
1074 2963 1113 3010 his
1131 2964 1183 3011 real

137 3028 292 3091 knowledge.
327 3029 415 3076 Hence
434 3042 472 3076 we
494 3026 583 3075 should
603 3027 667 3075 have
689 3027 809 3089 expected
831 3026 1083 3075 dissimulatorem
1100 3027 1184 3076 rather

137 3094 198 3141 than
220 3093 430 3141 simulatorem.
468 3093 516 3139 But
538 3091 557 3139 it
575 3091 595 3140 is
614 3092 680 3139 clear
702 3090 755 3138 that
778 3106 850 3153 every
870 3099 909 3139 act
931 3090 960 3138 ol
979 3090 1184 3139 dissimulatio

137 3158 247 3206 involves
267 3173 282 3204 a
299 3157 492 3220 corresponding
508 3155 667 3204 simulatio.
703 3155 773 3203 Thus
792 3156 913 3213 Socrates,
934 3162 960 3202 to
979 3171 1022 3203 use
1040 3156 1082 3204 the
1100 3155 1182 3204 words

137 3223 165 3270 oi
180 3223 267 3271 Cicero
283 3223 351 3269 Brut.
369 3223 381 3280 5
399 3235 453 3284 292,
473 3222 584 3270 omnium
600 3236 625 3268 se
641 3235 725 3268 rerum
740 3219 846 3267 inscium
856 3219 969 3283 fingebat
980 3227 1004 3267 et
1016 3221 1119 3276 rudem,·
1131 3221 1182 3268 and

137 3288 258 3336 therefore
272 3302 322 3334 was
338 3303 353 3334 a
367 3286 521 3334 simulator
534 3285 650 3347 properly
660 3300 688 3331 so
705 3284 791 3332 called.
829 3284 885 3332 Still
903 3286 1006 3343 εἰρωνεία
1020 3285 1182 3348 corresponds

137 3353 162 3400 in
174 3352 205 3400 its
216 3351 295 3399 literal
310 3351 426 3412 meaning
441 3358 468 3398 to
482 3349 693 3403 dissimulatio,
705 3349 755 3396 and
771 3347 790 3395 it
807 3347 828 3395 is
845 3363 872 3395 so
890 3349 1023 3397 translated
1043 3349 1078 3410 by
1094 3349 1182 3397 Cicero

137 3417 218 3465 Acad.
242 3427 263 3463 11
285 3416 298 3474 5
324 3429 349 3474 ¹5
369 3431 424 3462 cum
442 3414 517 3461 aliud
535 3413 622 3461 diceret
639 3420 712 3475 atque
732 3413 839 3470 sentiret,
861 3412 963 3460 libenter
983 3414 1024 3460 uti
1040 3413 1127 3462 solitus
1148 3418 1183 3461 cst

136 3497 164 3530 ea
179 3480 428 3537 dissimulatione,
442 3494 518 3542 quam
538 3477 624 3526 Graeci
638 3478 742 3537 εἰρωνεία
759 3483 852 3525 vocant.
889 3478 989 3536 Εἴρων,
1006 3478 1138 3541 according
1155 3484 1181 3525 to

141 3550 300 3611 Quintilian's
316 3549 459 3596 translation
478 3547 550 3609 (Inst.
568 3560 591 3609 9,
611 3560 633 3603 a,
653 3544 703 3608 46l,
723 3545 744 3593 is
760 3560 832 3607 agens
849 3545 991 3607 imperitum
1008 3552 1030 3592 et
1045 3545 1181 3592 admirator

139 3614 245 3661 alienun
263 3620 389 3676 tamquam
405 3611 561 3674 sapientium.
595 3609 643 3672 Cp.
667 3610 735 3657 Brut.
758 3611 772 3668 5
796 3624 840 3673 292
863 3625 917 3657 cum
940 3609 968 3656 de
988 3609 1107 3672 sapientia
1129 3609 1178 3657 dis·

139 3684 250 3739 ceptetur,
267 3677 332 3724 hanc
347 3676 393 3724 sibi
409 3676 489 3737 ipsum
506 3673 638 3727 detrahere,
655 3675 687 3721 eis
703 3673 809 3722 tribucre
832 3674 981 3729 illudentem,
1000 3673 1045 3736 qui
1064 3689 1117 3720 eam
1133 3673 1181 3721 sibi

140 3747 273 3802 arrogant:
289 3747 318 3787 ut
326 3740 395 3802 apud
403 3740 533 3787 Platonem
543 3738 653 3785 Socrates
664 3737 693 3785 in
704 3739 796 3786 caelum
811 3738 879 3799 effert
893 3738 1009 3785 laudibus
1019 3738 1178 3799 Protagoram

141 3821 196 3852 —se
206 3813 286 3851 autem
297 3805 408 3852 omnium
420 3818 503 3850 rerum
516 3802 620 3849 inscium
625 3801 707 3866 fingit
716 3810 739 3850 el
748 3803 842 3850 medem.

187 3888 206 3933 1.
218 3889 256 3931 13.
289 3883 423 3945 Periclem]
456 3881 579 3931 Plutarch.
598 3883 685 3931 l‘cricl.
703 3898 725 3932 c.
743 3899 756 3945 5
775 3885 801 3931 ab
817 3880 887 3942 μόνον
903 3877 932 3931 ὡς
949 3883 1010 3930 ἔοικε
1026 3882 1053 3931 τὸ
1070 3882 1180 3943 φρόνημα
