2580 4184
312 201 464 263 NOTES
503 201 623 261 BoortI
645 201 911 278 ccrvv51415
1098 213 1152 278 157

107 371 128 422 is
145 371 219 437 given
237 365 371 448 'iprobabiy
393 372 468 421 taken
489 371 554 422 irorn
572 372 735 436 Chrysippus)
755 371 788 421 de
808 370 921 432 fin.115
943 383 973 433 45
997 373 1155 423 honesturn

107 437 135 486 id
148 437 317 501 intellegemus,
331 438 397 502 quod
409 439 458 486 tale
472 444 506 485 est
522 444 556 498 ut,
570 438 675 485 detracta
690 437 760 486 omni
772 438 883 498 utilitate,
898 438 951 486 sinc
966 437 1026 486 ullis
1036 438 1156 500 praemiis

98 501 253 565 stantibus-oe
266 509 314 566 per
333 518 358 550 se
372 502 453 566 ipsum
465 502 542 565 possit
560 502 616 549 iure
633 501 742 552 laudari.
788 502 859 562 Quod
874 502 946 565 quale
965 502 1005 561 sit,
1030 517 1080 550 non
1102 510 1155 550 tam

105 565 247 630 definitione,
268 583 318 630 qua
339 582 395 615 sum
416 582 483 623 usus,
501 566 610 629 intellegi
618 572 697 629 potest
716 566 875 630 (quamquam
897 567 1055 630 aliquantum
1067 568 1154 629 potest)

105 646 181 695 quam
195 632 319 679 communi
333 632 446 679 omnium
462 631 549 679 iudicia
563 637 615 679 eto
631 630 687 679 tenti
701 631 814 693 cuiusque
828 630 919 679 studiis
934 637 1006 694 atquc
1012 631 1099 693 sactis,
1112 631 1158 694 qui

100 696 227 760 permulta
248 697 275 744 oh
299 712 353 744 eom
379 711 458 743 unam
481 710 581 744 causant
614 696 706 751 minut,
726 696 785 758 quia
806 696 872 754 dccet,
893 695 952 759 quia
973 702 1072 758 rectum,
1095 696 1156 761 quio

105 759 230 810 hanutum
241 765 280 819 est,
293 760 336 809 etsi
346 761 445 808 nullum
457 768 640 809 consecuturum
650 760 838 809 emolumentum
848 760 938 810 oedem.
1000 780 1003 804 :
1076 798 1079 806 .

154 842 222 890 trs.
257 840 438 902 mutuantem]
465 839 507 890 ie.
521 839 709 889 multitudini
724 840 885 904 probatum,
900 838 995 889 ‘would
1006 840 1038 890 be
1048 839 1156 890 honnus·

106 905 170 964 able,
183 920 246 955 even
262 905 357 990 though
375 912 420 954 not
437 905 563 969 generally
578 903 706 954 admired.'
739 904 861 953 Nobilis
878 902 1053 969 (noscibilis)
1074 905 1155 955 ‘what

106 985 163 1033 may
174 969 206 1018 be
220 970 326 1019 known:
351 969 430 1019 hence
440 966 604 1019 nobilititre
615 969 637 1019 is
651 970 692 1017 ‘to
702 968 776 1018 make
787 968 895 1026 known,¹
915 972 953 1019 ‘to
963 970 1032 1018 noise
1043 967 1155 1029 abroad,’

106 1049 147 1097 cp.
165 1046 187 1082 11
209 1037 223 1094 5
245 1033 277 1084 26
293 1034 412 1084 Phalaris
432 1034 503 1082 cuius
518 1040 552 1082 est
565 1034 632 1082 inter
648 1040 732 1082 ceteros
748 1034 908 1082 nobilitata
923 1035 1066 1083 *cnedelitas
1100 1035 1155 1084 The

106 1099 203 1147 remark
222 1098 243 1147 is
258 1099 340 1148 aimed
355 1107 380 1148 at
392 1096 521 1163 Epicurus'
538 1099 656 1147 assertion
670 1098 724 1146 that
740 1097 762 1147 ii
775 1098 886 1162 pleasure
902 1097 946 1147 did
962 1106 1007 1148 not
1023 1098 1156 1148 constitute

107 1163 149 1211 the
159 1163 293 1223 honestum,
304 1163 336 1212 he
350 1164 394 1212 did
409 1171 453 1212 not
469 1163 544 1212 know
555 1163 621 1212 what
633 1162 683 1211 else
694 1162 745 1222 did,
759 1163 841 1213 unless
851 1162 871 1212 it
882 1163 961 1226 might
973 1163 1005 1211 be
1016 1163 1157 1228 something

107 1228 173 1291 quod
188 1234 245 1276 essct
249 1229 368 1292 populari
371 1228 449 1292 sanzo
459 1228 600 1292 gloriosron,
614 1225 700 1277 defin.
715 1229 761 1288 115
773 1228 811 1290 48.
857 1227 945 1290 Comp.
957 1228 992 1276 ib.
1003 1230 1017 1287 5
1033 1242 1065 1290 49
1075 1228 1155 1291 phdo-

105 1293 194 1355 sophus
215 1292 457 1342 nobilis...honestum
492 1293 538 1340 nid
555 1293 594 1352 sit,
617 1292 642 1340 si
657 1291 687 1340 id
710 1307 761 1340 non
784 1292 818 1340 sit
838 1292 867 1340 in
891 1293 1017 1356 voluptate,
1043 1298 1114 1356 negat
1132 1308 1158 1341 se

107 1355 248 1420 intellegere,
267 1358 319 1405 nisi
325 1357 394 1421 sorte
414 1357 447 1405 ill
499 1357 565 1421 quod
579 1356 747 1404 multitudines
764 1372 862 1405 mutare
879 1357 1009 1406 laudetur:
1031 1356 1056 1405 in
1074 1356 1156 1406 which

106 1436 210 1485 passage
232 1421 321 1471 Cicero
342 1436 449 1471 answers
467 1421 521 1484 Ego
539 1427 620 1470 autem
639 1421 682 1469 hoc
702 1421 776 1468 etiam
797 1428 868 1484 turpe
884 1437 931 1469 esse
947 1427 1015 1484 saepe
1030 1422 1110 1469 iudico
1126 1428 1155 1478 et,

106 1486 130 1534 si
145 1486 242 1548 quando
254 1494 326 1549 turpe
342 1502 392 1533 non
405 1485 444 1545 sit,
457 1490 511 1532 tum
525 1501 570 1534 esse
585 1500 635 1534 non
649 1492 727 1548 turpe,
740 1501 795 1533 cum
806 1485 836 1534 id
842 1501 859 1533 o
870 1485 1027 1534 multitudine
1035 1486 1154 1545 laudetur,

106 1551 172 1614 quod
184 1551 217 1598 sit
231 1552 310 1626 cpsum
321 1558 408 1614 perse
423 1557 513 1599 rectum
529 1557 601 1613 atque
616 1549 754 1610 laudahe'lc;
771 1565 822 1598 non
839 1551 866 1598 οδ
884 1566 938 1600 eam
955 1566 1054 1599 causam
1073 1557 1156 1599 tannen

107 1615 173 1663 dlud
191 1614 238 1663 dice
256 1630 302 1663 csse
316 1616 453 1672 honestum,
470 1613 528 1677 quia
544 1614 661 1662 laudetur
676 1631 692 1662 a
708 1614 800 1674 multis,
818 1614 860 1663 scd
874 1616 933 1679 quio
949 1615 998 1663 talc
1009 1616 1048 1675 sit,
1065 1621 1100 1675 ut,
1118 1615 1159 1664 uel

107 1680 131 1727 si
144 1681 287 1742 ignorarent
303 1679 331 1728 id
344 1680 453 1727 homc'ncs
468 1680 508 1728 nel
520 1679 544 1726 si
557 1678 737 1736 obmutuissent,
750 1695 796 1727 sua
810 1685 892 1728 tomen
901 1679 1089 1743 pulchritudine
1102 1685 1165 1729 essct.

106 1744 223 1807 specieque
240 1744 370 1792 laudabile.
403 1743 470 1792 That
488 1743 516 1803 is,
535 1743 661 1792 honestum
678 1743 699 1792 is
715 1759 744 1792 so
761 1747 832 1804 φύσει
851 1751 894 1793 not
912 1745 984 1793 θέσει.
1018 1744 1066 1808 Cp.
1085 1745 1157 1794 Plato

107 1809 140 1858 de
158 1808 221 1874 Rep.
244 1820 266 1857 11
289 1824 313 1872 p.
340 1806 387 1870 366
409 1809 500 1856 τοιδνδι
520 1826 545 1856 τι
567 1809 668 1868 ἀγαθόν,
686 1805 701 1856 ὃ
723 1805 840 1867 δεξαίμεθ’
855 1809 884 1856 δν
904 1810 970 1870 ἔχειν
987 1810 1014 1857 οὐ
1031 1812 1079 1857 τῶν
1098 1810 1158 1858 ἀπο-

106 1875 237 1935 βαινόντων
250 1874 370 1932 ἐφιέμενοι
386 1870 441 1920 ἀλλ’
459 1874 517 1922 αιἰτδ
534 1871 606 1921 αὑτοῦ
622 1874 689 1921 ἕνεκα
705 1871 878 1936 δσταζδμινυιτ
901 1873 935 1922 ih.
955 1889 981 1938 p.
1000 1876 1046 1935 358
1063 1886 1082 1923 Α
1098 1889 1156 1922 con·

107 1938 209 2001 cerning
231 1938 273 1986 the
291 1938 395 2001 popular
412 1938 499 1986 notion
521 1937 549 1986 oi
565 1937 668 2000 justice:
690 1938 824 1986 δοκεῖτοῖς
846 1939 1021 1987 πολλοΐο.,.τοῦ
1042 1940 1157 1987 ἐπιπόνου

108 2005 190 2059 sidous,
208 2000 222 2050 d
237 2005 328 2059 μισθῶν
349 2003 371 2050 θ’
389 2003 457 2050 ἕνεκα
473 2004 513 2050 καὶ
529 2004 701 2061 εὐδοκιμήσεων
718 2003 757 2049 διὰ
774 2003 844 2061 δόξαν
861 2003 1033 2064 ἐπιτηδευτέον,
1056 2004 1114 2052 αὐτὸ
1132 2004 1158 2052 δέ

108 2064 136 2115 δι’
146 2068 204 2116 αὐτὸ
216 2069 329 2128 φευκτέον
340 2067 370 2116 ὡς
380 2064 407 2115 δν
418 2064 542 2128 χαλεπόνι
560 2067 594 2115 ib.
606 2082 631 2131 p.
644 2065 689 2128 361
702 2078 726 2123 c,
740 2063 826 2129 36341.

154 2150 172 2197 t
187 2152 226 2197 22.
258 2160 277 2198 a
286 2147 371 2208 nullo]
382 2147 430 2212 i.q.
442 2147 537 2196 nemine
548 2147 631 2196 which
645 2146 666 2198 is
676 2162 735 2211 very
746 2148 825 2211 rarely
836 2146 904 2207 used,
918 2146 1009 2211 Zumpt
1019 2146 1063 2196 Gr.
1075 2148 1088 2207 5
1099 2144 1115 2194 6
1118 2145 1156 2209 76.

525 2291 698 2341 CHAPTER
715 2290 740 2340 V

155 2391 169 2450 5
188 2396 233 2451 to,
251 2393 321 2439 114.
354 2388 484 2450 Formam]
518 2389 565 2454 Cp.
579 2389 611 2438 de
624 2388 667 2438 fin.
680 2400 702 2438 11
713 2390 727 2449 5
737 2391 769 2451 48
784 2388 856 2438 habes
874 2389 982 2453 unde'qcu
998 2391 1117 2454 expletum
1136 2397 1160 2441 et

104 2456 234 2520 perfectam
240 2456 373 2520 sormam
390 2454 528 2514 honestatis,
541 2469 603 2518 quae
613 2460 663 2503 tota
677 2460 794 2518 quattuor
807 2454 847 2503 hes
862 2455 997 2503 virtutibus
1011 2457 1155 2517 continetur,

107 2522 140 2569 de
151 2520 192 2569 off.
206 2532 215 2568 1
231 2523 245 2580 5
263 2535 307 2583 ¹03
325 2526 357 2567 ut
370 2521 405 2567 od
416 2518 622 2582 afficiiformam
637 2525 798 2568 revertamur.
831 2519 924 2569 Forma
939 2520 1157 2585 embodies,sact'cs

108 2584 250 2649 personifies
260 2584 339 2633 moral
350 2585 481 2647 goodness·

154 2669 174 2714 l.
197 2670 234 2715 25.
269 2664 354 2726 nato]
386 2664 515 2713 Phaedrus
535 2663 576 2713 ch.
598 2661 638 2727 65,
661 2679 685 2729 p.
712 2678 760 2726 250
779 2675 806 2724 D,
831 2663 886 2726 δψιε
907 2663 964 2722 ἡμῖν
986 2662 1090 2725 ὀξυτάτη
1110 2662 1159 2713 τῶν

107 2731 147 2779 διδ
163 2727 206 2778 soii
226 2731 337 2788 σώματος
358 2730 456 2790 ἔρχεται
477 2731 619 2788 diudicetur,
639 2727 655 2790 ᾖ
677 2731 790 2790 φρόνησις
812 2731 857 2790 οὐχ
879 2726 972 2790 δμᾷτιιι·
992 2731 1080 2779 δεινοὺς
1108 2733 1158 2792 γὰρ

107 2795 136 2842 de
153 2797 268 2855 παρεῖχεν
284 2797 380 2856 ἔρωτας,
396 2796 419 2841 εἴ
429 2811 453 2840 τι
467 2795 573 2842 τοιοῦτον
586 2795 671 2852 έυυτῆι
685 2795 786 2854 tramis
799 2795 896 2841 εἴδωλον
908 2795 1038 2856 παρείχετο
1054 2797 1087 2845 ets
1102 2795 1158 2857 δψιν

107 2861 149 2919 tir,
168 2860 225 2908 thus
242 2858 377 2907 translated
394 2859 428 2922 by
445 2857 534 2907 Cicero
552 2858 585 2907 de
599 2857 642 2906 fin.
659 2870 681 2907 11
700 2871 730 2918 52
749 2858 874 2906 oculorum
893 2864 927 2906 cst
945 2859 973 2906 in
992 2859 1059 2907 nobis
1073 2875 1157 2908 sensus

107 2925 249 2979 accrmrnus,
266 2924 354 2986 quihus
373 2924 517 2986 sapientiam
536 2939 587 2971 non
603 2923 734 2970 cernimus.
769 2923 851 2983 Quom
873 2923 919 2970 illa
937 2923 1048 2972 ardentes
1064 2939 1158 2973 nectores

107 2989 222 3036 excitaret
231 2987 284 3035 sui!
300 2987 382 3036 where
393 2987 497 3051 Madvig
511 2987 627 3036 observes
641 3003 674 3036 on
689 2987 731 3036 the
745 2993 843 3050 present
852 3001 955 3050 passage
968 2987 1058 3051 ‘paulo
1074 2990 1157 3052 negle-

107 3053 206 3115 gentius
227 3052 260 3100 ab
281 3050 402 3101 honesti
421 3052 498 3100 verbo
520 3059 545 3100 et
564 3051 665 3100 notione
686 3051 787 3109 orditur,
812 3067 887 3115 quarn
907 3052 960 3114 ipse
979 3053 1107 3111 tractabat,
1129 3052 1156 3100 in

109 3122 279 3187 sapientiae
296 3136 371 3185 quam
386 3120 457 3169 Plato
476 3121 623 3179 nominarat,
642 3116 750 3168 desinit)
782 3117 838 3167 The
854 3116 970 3180 meaning
986 3116 1020 3164 is:
1043 3130 1111 3179 quae,
1132 3114 1157 3162 si

109 3189 183 3235 oculis
203 3195 349 3243 ccrrreretur,
371 3186 494 3234 mirabiles
510 3200 603 3233 autores
621 3185 744 3242 excitaret,
768 3198 828 3247 quos
845 3182 884 3230 ait
902 3182 974 3231 Plato
989 3181 1097 3229 excitare
1116 3194 1155 3227 sa·

104 3253 236 3314 pientiam.

155 3338 173 3384 1.
188 3338 226 3382 11.
247 3344 338 3382 terum
348 3334 544 3380 naumurum
554 3327 615 3390 dds]
633 3325 741 3377 ‘faithful
753 3328 903 3376 observance
914 3325 943 3375 oi
951 3323 1092 3385 contracts,’
1103 3326 1116 3385 5
1126 3339 1156 3388 23

108 3400 226 3448 dictorum
236 3404 455 3458 conventorumque
463 3395 616 3444 constantia:
632 3395 646 3453 5
657 3407 688 3455 33
700 3393 785 3441 multis
794 3406 851 3438 cum
863 3392 947 3439 multis
961 3407 999 3440 res
1010 3392 1160 3453 rationesque

108 3469 290 3521 contractae;
307 3473 328 3509 11
346 3463 407 3522 540
422 3460 468 3522 qui
483 3459 653 3508 contrahendis
667 3457 765 3520 negotiis
782 3455 950 3518 implicantur,
967 3457 981 3515 5
997 3454 1030 3515 64
1045 3455 1074 3503 in
1090 3454 1160 3503 omni

109 3544 136 3576 re
149 3525 358 3584 contrahenda,
375 3525 498 3573 vendendo
513 3523 617 3582 entendo,
635 3521 785 3571 conducendo
800 3521 906 3581 locando,
926 3531 960 3569 111
977 3519 1007 3570 61
1025 3519 1158 3568 tollendum

108 3608 138 3642 en
148 3592 216 3641 rebus
226 3589 433 3639 contrahendis
447 3604 517 3637 onrne
526 3587 687 3636 mendacium.

156 3675 176 3785 k
196 3673 358 3784 otfordtns
378 3674 407 3719 st
427 3667 515 3729 modo]
541 3666 585 3716 ie.
605 3664 722 3716 ordinis
742 3661 972 3715 conservatione
995 3661 1110 3728 (εὐταξία)
1132 3668 1158 3713 et

110 3752 155 3786 sno
180 3751 228 3785 era
248 3750 323 3783 rone.

157 3819 175 3865 1.
190 3820 228 3864 ³2.
260 3817 290 3862 tn
300 3825 351 3870 quo
361 3816 434 3863 inest
443 3809 583 3873 manua]
608 3810 701 3861 ‘which
712 3809 857 3860 constitutos
867 3806 1040 3858 moderationi

158 3907 228 3955 uuas
243 3893 381 3956 qmttw]
397 3893 634 3944 schoncstornm
655 3907 773 3957 genera.
807 3889 855 3941 See
866 3890 963 3940 Introd.
977 3891 1045 3952 518.
1069 3888 1168 3954 epse
