2580 4184
148 188 200 249 111
214 203 236 247 v
251 183 303 270 aa]
511 186 561 245 De
585 183 727 246 Utilitatis
739 184 855 244 'notura
1141 200 1196 260 ¹03

173 382 250 424 πω
269 381 307 424 rue
327 394 365 423 ne
463 358 577 433 Itaque,
592 365 627 415 ut
647 353 711 415 sine
733 355 795 415 ullo
816 372 913 416 errore
927 353 1089 415 diiudicare
1102 351 1194 432 possi·

145 433 232 534 ξξῗέζι
247 432 362 525 ‘inimi
399 471 476 524 mus,
498 451 524 512 si
549 451 672 529 quando
692 470 762 511 cum
781 451 842 524 illo,
864 451 947 528 quod
967 451 1126 512 honestum
1146 447 1191 510 in·

175 543 299 634 ·,”{¹¹,‘„5„¹¹{d
309 533 364 634 {1ss¹}
401 549 573 628 tellegimus‚
594 567 725 627 pugnare
738 547 771 608 id
784 547 938 622 videbitur,
954 548 1036 626 quod
1055 547 1189 624 appella·

146 632 363 736 fflfiffiffgl'ssffi
400 667 466 708 mus
486 647 567 719 utile,
589 647 715 708 formula
734 645 882 722 quaedam
905 643 1114 706 constituenda
1134 654 1188 717 est,

146 734 363 827 ᾗῗῑξξοζῖἆὼξζξ,
400 763 490 820 quam
510 741 536 803 si
555 761 714 820 sequemur
732 741 764 802 in
785 740 1006 818 comparatione
1026 759 1132 813 rerum,
1147 740 1186 802 ab
1225 760 1239 809 ⁵

147 835 277 927 ‘wgo‘
300 835 363 928 rotg'·
401 840 499 900 officio
520 858 684 917 numquam
703 839 885 898 recedemus.
929 857 975 896 20.
1005 835 1068 897 Erit
1095 847 1195 898 autem

147 935 364 1045 rmgdfsgffg
402 938 477 997 haec
496 937 622 997 formula
641 934 808 996 Stoicorum
831 933 938 995 rationi
961 931 1195 1010 disciplinaeque

142 1036 376 1128 {ffl'fflwffi'
402 1031 531 1094 maxime
557 1043 767 1105 consentanea,
789 1049 880 1109 quam
903 1030 1027 1109 quidem
1047 1029 1092 1091 his
1113 1028 1194 1090 libris

146 1092 364 1228 dr'enffc'chi'sfiii
399 1140 555 1207 propterea
588 1127 746 1206 sequimur,
775 1128 866 1205 quod,
894 1145 1076 1204 quamquam
1110 1137 1141 1186 et
1174 1143 1193 1185 a

147 1200 197 1227 m
224 1189 308 1239 'em'
400 1225 546 1288 veteribus
560 1216 749 1287 Academicis
770 1237 800 1286 et
819 1245 839 1285 a
856 1223 1058 1302 Peripateticis
1078 1221 1190 1296 vestris,
1208 1249 1239 1286 10

146 1319 198 1398 qui
219 1323 373 1400 quondam
393 1323 475 1385 idem
495 1335 578 1385 erant
598 1323 650 1401 qui
670 1321 852 1396 Academici,
872 1341 949 1399 quae
970 1322 1095 1382 honesta
1114 1330 1192 1394 sunt,

146 1429 367 1496 anteponuntur
386 1420 421 1482 iis
442 1440 519 1498 quae
539 1420 675 1482 videntur
694 1419 786 1494 utilia,
801 1432 901 1481 tamen
920 1417 1104 1496 splendidius
1118 1417 1193 1478 haec

146 1514 185 1576 ab
206 1515 249 1577 eis
266 1516 457 1591 disseruntur,
477 1517 593 1595 quibus,
613 1517 787 1595 quidquid
808 1518 997 1579 honestum
1019 1527 1080 1589 est,
1100 1514 1193 1577 idem

146 1611 234 1674 utile
261 1613 378 1675 videtur
404 1633 469 1676 nec
495 1615 584 1676 utile
611 1615 808 1693 quicquam,
837 1614 932 1692 quod
964 1632 1033 1675 non
1065 1614 1193 1674 hones·

146 1715 226 1778 tum,
250 1723 340 1781 quam
362 1706 400 1766 ab
422 1704 465 1778 iis,
490 1704 598 1782 quibus
620 1716 650 1766 et
671 1707 830 1767 honestum
853 1702 965 1781 aliquid
985 1722 1048 1764 non
1069 1703 1141 1766 utile
1163 1714 1241 1772 et15

146 1791 218 1853 utile
238 1813 301 1854 non
321 1795 488 1856 honestum
531 1795 628 1856 Nobis
646 1806 747 1856 autem
766 1808 865 1857 nostra
878 1794 1042 1856 Academia
1055 1812 1193 1872 magnam

146 1887 297 1950 licentiam
326 1892 384 1965 dat,
413 1904 455 1965 ut,
473 1893 688 1970 quodcumque
715 1893 844 1963 maxime
871 1892 1024 1970 probabile
1049 1900 1192 1964 occurrat,

148 1981 180 2044 id
207 1997 309 2047 nostro
336 1985 399 2048 iure
425 1988 513 2050 liceat
541 1990 708 2050 defendere.
756 1990 814 2051 Sed
842 1991 932 2050 redeo
959 1990 999 2049 ad
1027 1988 1192 2049 formulam.

113 2081 137 2131 V
402 2105 448 2144 21.
492 2087 653 2147 Detrahere
670 2085 759 2162 igitur
776 2084 858 2147 alteri
871 2084 983 2163 aliquid
997 2096 1027 2146 et
1040 2083 1193 2145 hominem

148 2160 364 2263 raviehiinssssfflff
401 2181 531 2244 hominis
551 2182 744 2245 incommodo
765 2203 852 2244 snum
872 2173 1067 2244 commodum
1088 2199 1240 2258 augerem

149 2271 208 2353 Ἥ
216 2262 365 2364 ῑὶῐῗζῒζζψ
403 2279 496 2357 magis
520 2292 565 2341 est
588 2290 692 2342 contra
715 2291 850 2340 naturam
875 2299 965 2357 quam
989 2298 1078 2353 mors,
1104 2296 1194 2356 quam

148 2360 367 2455 {lgnegotrogffgssffi
403 2387 569 2453 paupertas,
584 2395 675 2453 quam
689 2377 782 2446 dolor,
797 2396 888 2454 quam
908 2388 1015 2452 cetera,
1029 2395 1107 2454 quae
1128 2394 1194 2452 pos·

149 2464 366 2555 ffleffic‘lg,ffi¹3‘}
403 2484 472 2532 sunt
495 2484 546 2533 aut
570 2473 686 2550 corpori
709 2472 844 2534 accidere
869 2485 919 2535 aut
942 2474 1030 2535 rebus
1058 2472 1193 2535 externis.

148 2563 365 2667 2532&th
403 2573 483 2631 Nam
507 2570 651 2648 principio
675 2571 752 2631 tollit
776 2569 945 2631 convictum
973 2571 1137 2631 humanum
1165 2581 1195 2631 et

404 2667 585 2729 societatem.
619 2667 650 2728 Si
663 2668 744 2728 enim
758 2667 800 2728 sic
814 2667 922 2729 erimus
936 2667 1053 2743 adfecti,
1063 2679 1096 2728 ut
1109 2687 1195 2746 prop-
1209 2689 1238 2740 25

147 2769 192 2819 ter
213 2780 300 2820 suum
322 2761 448 2840 quisque
470 2765 704 2824 emolumentum
732 2764 838 2842 spoliet
865 2777 916 2825 aut
943 2765 1033 2826 violet
1060 2767 1195 2838 alterum,

147 2855 292 2934 disrumpi
305 2878 427 2921 necesse
437 2872 482 2921 est
493 2880 568 2932 eam,
579 2879 655 2937 quae
670 2861 797 2922 maxime
811 2873 856 2922 est
870 2862 1036 2921 secundum
1050 2873 1194 2937 naturam,

146 2953 270 3013 humani
283 2955 398 3032 generis
417 2956 597 3018 societatem.
642 2977 688 3018 aa.
719 2960 771 3032 Ut,
787 2957 812 3017 si
826 2977 920 3017 unum
941 2958 1083 3035 quodque
1103 2977 1196 3019 mem·

147 3049 234 3110 brum
255 3070 375 3112 sensum
398 3055 479 3114 hunc
506 3054 637 3127 haberet,
657 3066 691 3115 ut
718 3075 806 3133 posse
834 3067 950 3132 putaret
977 3075 1009 3116 se
1036 3057 1142 3129 valere,
1171 3053 1196 3116 si

148 3147 274 3223 proximi
297 3149 422 3210 membri
443 3150 646 3211 valetudinem
668 3153 707 3212 ad
732 3171 763 3213 se
788 3151 971 3226 traduxisset,
997 3151 1143 3212 debilitari
1165 3161 1195 3212 et
1209 3176 1241 3226 30

149 3241 266 3306 interire
288 3258 385 3307 totum
406 3266 513 3325 corpus
536 3267 658 3310 necesse
679 3260 765 3323 esset,
780 3248 831 3323 sic,
847 3249 872 3310 si
886 3269 963 3310 unus
982 3249 1107 3327 quisque
1127 3268 1197 3309 nos·

149 3349 227 3400 trum
249 3344 290 3404 ad
312 3362 344 3404 se
362 3343 456 3421 rapiat
470 3346 630 3405 commoda
643 3344 768 3406 aliorum
782 3347 976 3423 detrahatque
990 3346 1073 3423 quod
1087 3343 1196 3422 cuique

148 3438 242 3513 possit
265 3441 460 3502 emolumenti
485 3441 530 3501 sui
553 3440 653 3519 gratia,
678 3441 804 3502 societas
828 3441 984 3502 hominum
1008 3453 1039 3503 et
1062 3461 1197 3502 commu·

149 3534 225 3597 nitas
239 3549 384 3598 evertatur
397 3544 519 3599 nece'sse
532 3549 585 3599 est.
628 3541 708 3598 Nam
730 3537 786 3599 sibi
808 3550 840 3599 ut
862 3538 987 3615 quisque
1008 3537 1091 3599 malit
1112 3539 1196 3616 quod

148 3634 189 3695 ad
207 3654 294 3695 usum
311 3635 389 3696 vitae
407 3635 553 3713 pertineat
571 3654 662 3713 quam
681 3636 764 3696 alteri
782 3634 944 3713 adquirere,
960 3652 1137 3697 concessum
1150 3648 1196 3699 est
1210 3659 1240 3711 35

198 3850 224 3884 rr
242 3837 286 3900 qai
293 3837 440 3886 Academici
453 3843 541 3887 mira
551 3838 617 3888 codd
630 3854 679 3889 om.
699 3838 737 3890 Or
749 3839 772 3892 Z
786 3839 822 3891 Be
856 3840 871 3901 l
907 3849 941 3902 xz
955 3836 1109 3891 tueremur
1124 3837 1215 3890 Fabri·

132 3915 238 3962 liuida
245 3931 303 3962 cum
311 3916 388 3974 cadri,
401 3917 561 3970 disseruntur
574 3920 613 3972 Or
622 3920 708 3974 Heine
719 3924 772 3976 Mu
785 3922 930 3976 Sabbudini
941 3938 963 3976 r.
975 3919 1074 3974 eodm
