2580 4184
158 213 196 271 68
336 193 338 198 ’
552 207 602 265 De
619 207 802 267 benevolentia
1056 205 1102 288 [Il
1117 225 1148 268 vr
1166 228 1201 268 22

155 391 207 441 aut
229 377 451 438 benevolentiae
471 375 564 454 gratia
583 377 703 450 faciunt,
725 395 795 437 curu
809 375 908 454 aliqua
928 379 969 438 de
988 397 1078 438 causa
1098 396 1202 455 quem·

155 474 236 555 piam
250 475 384 552 diligunt,
399 486 450 533 aut
464 471 618 547 honoris,
633 472 659 533 si
672 472 758 533 cuius
771 472 909 534 virtutem
923 473 1088 550 suspiciunt
1099 492 1203 551 quem·

156 591 215 650 que
234 570 357 649 dignum
377 572 494 630 fortuna
512 587 604 646 quam
621 569 804 656 amplissima
821 580 936 647 putant,
956 582 1007 630 aut
1025 569 1075 630 cui
1093 569 1204 632 tidem
1249 573 1255 580 '

156 668 266 728 habent
281 676 310 727 et
324 666 402 726 bene
415 665 503 725 rebus
518 663 578 724 suis
592 667 748 726 consulere
763 665 949 739 arbitrantur,
964 676 1015 726 aut
1029 665 1114 726 cuius
1129 685 1202 744 opes

157 773 328 835 metuunt,
351 772 403 822 aut
425 772 529 822 contra
550 779 569 821 a
593 760 701 838 quibus
723 761 836 838 aliquid
858 773 1056 838 expectant,
1078 773 1111 823 ut
1131 782 1203 823 cum
1234 793 1251 843 5

154 878 239 936 reges
258 859 452 936 popularesve
472 855 608 917 homines
628 856 797 934 largitiones
817 857 931 935 aliquas
949 869 1129 937 proponunt,
1148 871 1202 921 aut

155 967 306 1036 postremo
320 953 436 1031 pretio
450 973 490 1013 ac
504 953 668 1014 mercede
682 954 839 1027 ducuntur,
850 973 927 1031 quae
940 954 1143 1016 sordidissima
1155 967 1202 1016 est

153 1050 205 1112 illa
219 1051 341 1129 quidem
355 1050 430 1110 ratio
444 1060 474 1110 et
488 1048 726 1126 inquinatissima
739 1060 769 1110 et
779 1047 824 1123 iis,
834 1049 886 1127 qui
899 1070 936 1111 ea
948 1062 1091 1126 tenentur,
1100 1063 1130 1112 et
1143 1050 1210 1118 illis,

154 1147 207 1226 qui
233 1148 273 1208 ad
300 1166 367 1208 eam
394 1147 553 1222 confugere
580 1156 733 1205 conantur.
787 1165 832 1207 22.
877 1149 959 1208 Male
986 1147 1067 1208 enim
1094 1166 1126 1208 se
1152 1167 1201 1208 res

154 1248 243 1308 habet
262 1265 339 1319 cum,
364 1243 447 1321 quod
468 1243 574 1304 virtute
601 1243 677 1303 effici
700 1243 797 1317 debet,
826 1243 858 1304 id
880 1256 1040 1322 temptatur
1062 1245 1197 1323 pecunia
1217 1275 1249 1312 ιο

154 1345 215 1406 Sed
233 1341 376 1421 quoniam
395 1359 456 1401 non
476 1359 641 1416 numquam
658 1340 716 1400 hoc
739 1338 906 1400 subsidium
927 1341 1124 1402 necessarium
1143 1353 1198 1418 est,

154 1427 245 1519 quem
259 1441 299 1499 ad
313 1437 438 1498 modum
452 1435 489 1496 sit
504 1436 649 1497 utendum
663 1455 700 1496 eo
715 1435 858 1509 dicemus,
877 1436 903 1497 si
916 1437 996 1516 prius
1009 1438 1045 1499 iis
1059 1440 1207 1512 derebus,

153 1552 230 1616 quae
244 1533 343 1596 virtuti
362 1532 513 1611 propiores
530 1531 779 1608 sunt,dixerimus.
822 1535 923 1611 Atque
941 1533 1030 1594 etiam
1049 1533 1198 1596 subiciunt

153 1656 185 1697 se
207 1633 343 1696 homines
366 1629 492 1709 imperio
514 1629 632 1691 alterius
659 1641 689 1691 et
712 1630 852 1708 potestati
876 1633 915 1692 de
938 1631 1035 1692 causis
1054 1632 1195 1710 pluribus.

151 1729 310 1789 Ducuntur
323 1718 403 1790 enirir
417 1742 468 1790 aut
479 1729 689 1790 benevolentia
704 1738 754 1788 aut
764 1726 978 1788 beneficiorum
991 1727 1196 1807 magnitudine
1213 1754 1241 1802 1⁵

151 1834 202 1884 aut
217 1820 368 1900 dignitatis
383 1818 564 1898 praestantia
578 1830 628 1879 aut
639 1839 692 1896 spe
706 1819 763 1881 sibi
777 1820 808 1882 id
821 1822 894 1884 utile
909 1825 1039 1884 futurum
1052 1839 1104 1887 aut
1113 1839 1196 1889 metu

152 1938 190 1981 ne
213 1918 242 1979 vi
264 1936 366 1997 parere
391 1927 535 1994 cogantur
556 1926 606 1975 aut
627 1935 679 1992 spe
701 1916 861 1995 largitionis
882 1919 1092 2000 promissisque
1116 1924 1195 2001 capti

151 2030 202 2080 aut
215 2028 374 2097 postremo,
394 2016 427 2073 u't
444 2033 532 2091 saepe
547 2011 578 2072 in
593 2025 692 2073 nostra
706 2034 737 2076 re
755 2015 875 2093 publica
892 2017 1037 2094 videmus,
1056 2024 1194 2086 mercede

151 2113 363 2208 rarilllirssiss
399 2111 550 2174 ⁰⁰¹¹du⁰ti·
609 2133 654 2190 ²3·
713 2115 857 2177 Omnium
885 2129 986 2179 autem
1012 2140 1110 2182 rerum
1137 2143 1193 2185 nec

150 2217 225 2307 {pitteus
235 2215 362 2307 3323ng
399 2210 495 2288 aptius
514 2222 559 2272 est
573 2211 735 2289 quicquam
754 2214 794 2272 ad
808 2233 880 2290 opes
894 2217 1020 2276 tuendas
1038 2237 1074 2278 ac
1093 2230 1193 2281 tenen·
1206 2247 1236 2282 ro

149 2316 302 2407 leffipgpfs.
319 2313 362 2405 alp
399 2308 452 2367 das
481 2327 571 2384 quam
606 2309 688 2386 diligi
723 2329 779 2370 nec
813 2311 937 2374 alienius
965 2334 1056 2392 quam
1086 2318 1190 2381 timeri

149 2417 226 2457 maxim
240 2416 269 2466 sy
279 2414 361 2455 histori·
399 2397 646 2465 Praeclare'enim
661 2405 794 2466 Ennius:

148 2467 180 2506 eal
190 2466 303 2517 examples,

257 2547 333 2614 Qulm
350 2556 462 2600 mauunt
475 2549 593 2601 ode‘runt:
614 2568 685 2617 quem
700 2553 800 2618 quisque
814 2553 870 2617 edit,
884 2556 984 2620 periure
997 2558 1090 2623 lapan.

208 2681 373 2742 Multorum
387 2692 487 2742 autem
502 2681 578 2743 odiis
593 2686 687 2744 nullas
704 2705 776 2763 opes
791 2707 879 2765 posse
894 2689 1044 2767 obsistere,
1064 2692 1090 2754 si
1103 2705 1191 2757 antea

147 2777 202 2839 fuit
226 2777 370 2856 ignotum,
395 2797 489 2855 nuper
512 2791 557 2841 est
582 2782 742 2859 cognitum.
786 2786 852 2846 Nec
875 2807 945 2848 vero
967 2789 1054 2849 huius
1074 2793 1230 2867 tyrannim

147 2875 253 2949 solum,
265 2895 355 2952 quern
370 2875 458 2935 armis
472 2896 612 2954 oppressa
625 2880 743 2956 pertulit
756 2880 858 2942 civitas
871 2902 907 2943 ac
929 2897 1012 2960 paret
1027 2906 1097 2946 cum
1111 2907 1190 2948 max·

146 2970 206 3034 ime
220 2984 346 3046 mortuo,
359 2972 492 3034 interitus
505 2974 634 3035 declarat
655 2988 800 3053 quantum
811 2979 914 3040 odium
924 2982 1080 3043 hominum
1093 2987 1189 3048 valeat
1269 2980 1274 2992 ’

146 3071 186 3132 ad
199 3081 321 3148 pestem,
336 3071 391 3131 sed
405 3069 585 3147 reliquorum
604 3072 712 3134 similes
732 3075 827 3136 exitus
841 3088 1040 3155 tyrannorum,
1060 3102 1188 3159 quorum

146 3163 227 3226 haud
240 3167 301 3226 fere
320 3165 478 3242 quisquam
496 3168 585 3227 talem
607 3167 757 3229 interitum
776 3171 884 3250 effugit
928 3177 1027 3237 Malus
1044 3177 1125 3239 enim
1143 3191 1188 3241 est

145 3273 245 3322 custos
260 3261 458 3322 diuturnitatis
469 3275 574 3335 metus,
586 3277 748 3342 contraque
762 3267 969 3332 benevolentia
982 3274 1077 3334 fidelis
1087 3277 1135 3336 vel
1148 3278 1188 3336 ad
1200 3292 1231 3341 30

144 3357 377 3434 perpetuitatem.
430 3377 475 3430 24·
528 3360 588 3420 Sed
607 3359 651 3431 iis,
663 3361 715 3436 qui
734 3362 763 3421 vi
784 3382 939 3441 oppressos
960 3366 1085 3445 imperio
1108 3375 1188 3433 coe'r·

144 3465 220 3530 cent,
234 3455 271 3515 sit
291 3474 362 3516 sane
383 3455 554 3516 adhibenda
574 3455 703 3533 saevitia,
725 3468 758 3518 ut
776 3460 832 3520 eris
849 3461 880 3520 in
901 3464 1036 3540 famulos,
1057 3464 1083 3527 si
1103 3468 1188 3529 aliter

194 3626 223 3677 15
239 3621 282 3664 aut
297 3615 472 3667 beneficiorum
487 3620 588 3669 Orcum
604 3621 679 3679 codd„
691 3629 717 3671 et
732 3622 909 3675 beneficiorum
924 3626 965 3676 Ba
981 3627 1061 3676 Heine
1076 3629 1118 3678 Lu
1129 3637 1187 3694 port

144 3693 273 3743 Pearcr'um
322 3700 332 3755 ΙΙ
383 3713 413 3761 ²3
431 3699 505 3748 odere
524 3716 580 3748 cum
599 3702 696 3765 aliquot
713 3703 778 3751 codd.
799 3705 837 3752 Or
885 3705 895 3760 ΙΙ
947 3706 978 3756 26
1000 3716 1103 3772 apparet
1118 3711 1184 3760 codd.

136 3775 266 3823 mehbres:
277 3791 310 3824 ac
316 3787 390 3840 paret
400 3779 481 3827 Halm
492 3781 542 3828 Mu
548 3799 560 3838 ;
576 3794 695 3848 paretque
705 3796 719 3832 o
730 3785 802 3849 vzdgv
