2580 4184
142 188 199 234 rra
394 170 445 231 De
460 171 627 231 commone
644 170 767 230 Irlrnesti
784 176 812 230 et
836 171 925 232 mdis
1024 170 1090 254 [ΙΙΙ
1105 190 1128 233 x
1143 175 1181 248 46

140 338 377 400 mendandorum
397 356 516 398 suorum
536 355 624 397 causa
644 337 858 415 postulavisset,
872 358 924 399 vas
944 341 1037 400 factus
1056 340 1094 401 sit
1112 343 1185 403 alter

139 436 205 498 eius
226 433 357 508 sistendi,
372 445 413 508 ut,
428 433 453 494 si
475 433 524 495 ille
546 453 607 494 non
627 434 799 508 revertisset,
815 435 1002 496 moriendum
1023 449 1102 498 esset
1123 437 1186 516 ipsi.

141 533 203 612 Qui
221 553 291 594 cum
309 534 349 592 ad
367 531 448 593 diem
466 550 499 592 se
516 531 682 608 recepisset,
697 532 857 593 admiratus
871 552 974 595 eorum
989 535 1080 595 fidem
1094 546 1188 612 tyran-

142 651 198 692 nus
212 629 322 709 petivit,
336 640 370 689 ut
383 648 416 690 se
429 629 469 689 ad
482 628 642 689 amicitiam
656 629 773 690 tertium
792 629 977 692 ascriberent.
1020 632 1068 704 46.
1112 633 1192 694 Cum

140 725 229 806 igitur
242 727 281 800 id,
297 726 379 803 quod
397 725 469 787 utile
490 725 607 786 videtur
627 725 658 785 in
680 725 815 798 amicitia,
831 746 899 786 cum
922 745 967 797 eo,
981 715 1065 803 quod
1086 728 1192 788 hones-
1220 755 1235 805 5

141 836 205 885 tum
225 834 276 894 est,
290 833 484 899 comparatur,
508 821 603 883 iaceat
622 821 755 883 utilitatis
777 821 899 899 species,
922 825 1018 883 valeat
1040 825 1189 907 honestas.

142 922 221 983 Cum
240 931 338 979 autem
357 919 388 978 in
407 919 544 993 amicitia,
559 938 636 996 quae
650 921 775 980 honesta
788 938 849 979 non
864 930 940 994 sunt,
956 921 1192 996 postulabuntur,

141 1014 244 1093 religio
265 1025 296 1074 et
317 1015 392 1074 fides
414 1026 610 1093 anteponatur
626 1014 779 1076 amicitiae.
815 1014 863 1075 Sic
882 1015 1039 1077 habebitur
1052 1016 1086 1092 is,
1101 1036 1190 1095 quem

144 1110 463 1189 exquirimus,dilectus
477 1111 574 1172 offrcii.
663 1133 665 1138 ¹

93 1218 134 1271 xl
456 1209 516 1269 Sed
536 1205 668 1268 utilitatis
688 1207 787 1285 specie
808 1206 839 1268 in
867 1207 1020 1286 republica
1057 1209 1190 1289 saepissi·
1205 1233 1236 1272 ro

144 1320 360 1423 miiliffffipafihl}
395 1322 445 1364 me
458 1315 605 1381 peccatur,
619 1315 653 1363 ut
667 1303 697 1362 in
713 1301 847 1364 Corinthi
858 1301 1072 1367 disturbatione
1082 1305 1190 1368 nostri:

143 1422 198 1464 nave
219 1421 273 1463 been
299 1424 357 1463 ouen
396 1401 497 1463 durius
510 1400 601 1462 etiam
614 1400 820 1474 Athenienses,
836 1400 887 1478 qui
901 1401 1049 1464 sciverunt
1059 1415 1092 1464 ut
1102 1404 1191 1484 Aegi-

143 1474 216 1513 drawn
229 1481 251 1514 to
264 1472 356 1513 whatis
447 1499 453 1511 .
537 1498 544 1511 .
908 1499 915 1511 ·
1077 1503 1084 1514 .

143 1522 356 1574 maryueappesr.
394 1510 478 1572 netis,
494 1518 546 1576 qur
565 1500 659 1560 classe
678 1499 825 1571 valebant,
844 1501 967 1576 pollrces
988 1503 1189 1578 praecideren-

142 1571 356 1664 ”ffioeffi‘m
394 1607 448 1656 tur.
493 1598 564 1657 Hoc
577 1595 674 1657 visum
687 1607 733 1656 est
747 1595 832 1657 utile:
854 1595 941 1657 nimis
959 1596 1039 1658 enim
1056 1598 1190 1660 immine·

281 1700 284 1704 ’
393 1692 444 1753 bat
456 1702 576 1769 propter
589 1690 840 1768 propinquitatem
850 1691 965 1770 Aegina
976 1693 1106 1756 Piraeeo.
1129 1696 1189 1756 Sed
1203 1715 1230 1767 ¹⁵

143 1790 216 1852 nihil
230 1791 312 1868 quod
325 1790 444 1850 crudele
456 1788 547 1849 utile:
566 1799 612 1848 est
625 1787 706 1848 enim
725 1787 881 1848 hominum
895 1801 1025 1864 naturae,
1041 1810 1132 1868 quam
1146 1812 1189 1854 se·

142 1887 193 1966 qui
207 1887 359 1960 debemus,
375 1881 501 1944 maxime
514 1881 635 1942 inimica
647 1882 812 1944 crudelitas.
855 1901 903 1958 47.
936 1886 1018 1946 Male
1032 1885 1122 1947 etiam
1136 1886 1187 1964 qui

141 1982 309 2064 peregrinos
327 1980 450 2043 urbibus
469 1978 513 2041 uti
532 1979 691 2058 prohibent
711 1999 823 2057 eosque
842 1981 1045 2057 exterminant,
1060 1995 1094 2045 ut
1113 1987 1187 2046 Pen-

141 2098 198 2140 nus
218 2078 299 2156 apud
317 2086 415 2154 patres
435 2084 559 2147 nostros,
580 2071 689 2151 Papius
710 2093 810 2151 nuper.
854 2075 932 2133 Nam
954 2094 1018 2136 esse
1038 2094 1092 2154 pro
1113 2076 1186 2150 cive,

140 2176 193 2256 qui
213 2173 286 2236 civis
307 2192 369 2233 non
390 2171 436 2245 sit,
451 2181 564 2232 rectum
586 2181 631 2230 est
653 2189 715 2230 non
733 2170 830 2244 licere,
845 2187 934 2246 quam
948 2172 1043 2250 legem
1057 2175 1187 2236 tulerunt
1199 2201 1230 2236 20

141 2269 349 2352 sapientissimi
363 2269 501 2329 consules
516 2270 637 2329 Crassus
652 2279 682 2328 et
695 2269 851 2328 Scaevola:
872 2287 927 2328 usu
943 2288 1013 2330 vero
1027 2269 1108 2332 urbis
1121 2291 1187 2350 pro·

391 2367 493 2427 hibere
520 2365 689 2444 peregrinos
717 2386 789 2426 sane
817 2365 1012 2428 inhumanum
1033 2381 1085 2431 est
1130 2373 1186 2432 Illa

141 2446 354 2550 ,offssffloegfflffi
391 2463 547 2541 praeclara,
570 2461 601 2520 in
627 2461 735 2538 quibus
758 2461 895 2539 publicae
916 2462 1048 2524 utilitatis
1072 2466 1185 2544 species

140 2547 357 2652 {ffgfissffiffifegff
390 2578 460 2637 prae
487 2560 642 2619 honestate
668 2558 876 2620 contemnitur.
919 2562 1012 2620 Plena
1038 2566 1186 2642 exemplo·

141 2651 231 2702 ΜΨ
392 2673 457 2714 rum
471 2664 515 2714 est
529 2665 629 2713 nostra
642 2673 688 2714 res
702 2653 821 2731 publica
834 2673 902 2714 cum
917 2675 1005 2734 saepe
1018 2669 1082 2718 tum
1096 2659 1186 2719 maxi·
1197 2681 1228 2731 25

140 2771 189 2813 me
211 2752 290 2812 bello
312 2749 426 2812 Punico
448 2750 589 2824 secundo,
604 2768 681 2826 quae
704 2750 855 2812 Cannensi
876 2753 1043 2815 calamitate
1064 2767 1186 2834 accepta

140 2844 266 2906 maiores
287 2844 401 2906 animos
422 2842 525 2904 habuit
546 2863 636 2921 quam
658 2864 800 2922 umquam
816 2847 904 2908 rebus
926 2850 1084 2911 secundis:
1105 2854 1186 2912 nulla

139 2941 253 3005 timoris
266 2940 448 3020 significatio,
464 2942 545 3001 nulla
558 2941 670 3002 mentio
684 2942 773 3020 pacis
815 2945 913 3005 Tanta
931 2945 975 3006 vis
993 2959 1038 3008 est
1057 2949 1183 3025 honesti,

139 3050 173 3101 ut
186 3037 316 3117 speciem
329 3036 460 3098 utilitatis
474 3038 619 3099 obscuret.
661 3041 709 3111 48.
738 3039 935 3102 Athenienses
948 3061 1017 3103 curn
1031 3047 1185 3106 Persarum

140 3135 284 3214 impetum
304 3134 387 3193 nullo
407 3134 499 3194 modo
519 3145 640 3211 possent
658 3133 801 3196 sustinere
820 3147 1041 3216 statuerentque
1061 3151 1094 3201 ut
1111 3143 1185 3203 urbe
1197 3164 1229 3215 30

139 3232 244 3292 relicta
269 3228 444 3306 coniugibus
471 3239 501 3289 et
527 3229 626 3290 liberis
652 3233 806 3291 Troezene
826 3232 968 3309 depositis
998 3254 1088 3297 naves
1115 3257 1186 3298 con-

140 3328 315 3390 scenderent
341 3326 563 3403 libertatemque
584 3327 726 3388 Graeciae
753 3329 846 3389 classe
866 3330 1067 3405 defenderent,
1090 3333 1186 3411 Cyrsi-

140 3425 203 3485 lum
230 3421 379 3500 quendam
406 3422 590 3495 suadentem,
610 3422 695 3482 utin
718 3422 791 3484 urbe
817 3436 970 3486 manerent
995 3428 1184 3506 Xerxemque

191 3607 202 3643 1
220 3592 298 3642 factus
314 3597 351 3641 est
364 3590 428 3641 codri.
443 3589 509 3656 quod
519 3591 629 3640 servavit
640 3592 670 3640 St
679 3591 752 3655 plene
762 3592 914 3657 interpuncta
924 3601 982 3659 post
996 3596 1067 3644 verba
1082 3596 1184 3650 interae

140 3673 227 3731 suisse3
244 3671 322 3720 factus
339 3671 371 3720 sit
391 3672 429 3720 Or
441 3672 482 3720 Ba
498 3663 579 3720 Heiae
587 3672 629 3720 Lu
640 3679 698 3736 post
714 3673 864 3722 Munatium
899 3678 909 3732 ΙΙ
947 3676 976 3724 18
994 3675 1102 3725 Fannius
1113 3678 1145 3726 St
1153 3694 1185 3727 ex

139 3753 293 3802 Bea'ericoni.
341 3756 352 3811 ΙΙ
399 3762 430 3816 ²5
447 3768 521 3818 saepe
536 3753 598 3804 alias
618 3754 661 3815 Or,
677 3754 742 3818 conf.
755 3766 777 3804 11
793 3753 964 3817 §20111586
977 3762 1000 3805 ct
1014 3756 1188 3822 mlieMadvie

123 3833 210 3894 φωτ.
224 3835 306 3883 Acaat
317 3846 331 3884 1
332 3842 362 3900 p.
377 3850 434 3904 339,
448 3853 526 3907 saepe
535 3839 579 3891 Ba
589 3837 674 3893 Ileine
683 3840 724 3892 Lu
737 3840 777 3893 Zu
