2580 4184
166 163 225 223 374
387 150 538 210 NOTES
576 153 665 210 Boos<
680 153 730 213 III
752 171 827 213 cxx
847 155 928 230 580
943 157 979 215 81

163 311 207 351 not
228 304 311 352 curule
332 304 413 353 chairs
433 320 462 354 or
482 306 609 363 tribunals,
631 316 675 358 not
699 310 774 374 being
794 313 877 362 curule
897 329 924 362 m
957 312 1066 365 'tratas
1117 317 1151 366 Iu
1171 318 1213 368 the

165 366 243 414 divin.
255 367 281 415 in
292 368 367 415 Caec-
382 380 408 426 15
422 368 509 417 Cicero
526 371 615 433 speaks
630 373 660 421 ol
673 389 688 421 a
701 373 750 422 low
762 375 889 434 advocate,
902 392 931 425 us
977 377 1024 440 ing
1033 380 1065 426 ab
1076 381 1209 440 siebselliu,

163 429 209 478 i.e.
226 431 326 492 coming
346 430 409 478 lrom
431 431 473 479 the
491 432 591 482 inferior
607 443 697 492 coasts,
713 437 795 486 which
816 454 880 489 were
898 440 1016 504 presided
1035 457 1101 493 over
1119 445 1155 508 by
1170 446 1211 494 the

164 501 282 556 praetors.
316 495 363 543 See
375 495 453 542 Halm
463 496 499 543 ad
506 497 525 543 l.

215 575 234 622 l.
257 576 295 620 82.
326 572 409 631 mata]
430 587 463 620 sc
482 573 530 620 via
544 587 575 620 se
594 571 733 628 contulit,
753 587 792 635 ep.
813 573 845 620 ad
863 573 917 622 Att.
938 585 969 622 lv
990 588 1016 637 5,
1031 590 1046 637 3
1064 583 1098 626 tu
1116 579 1149 628 a'e
1163 580 1205 629 mli

168 642 245 685 recta
256 635 286 683 in
296 633 382 693 honos,
395 635 416 682 F
418 635 451 683 in.
464 647 483 683 v
496 649 526 696 32
536 635 577 683 sed
584 642 678 696 tempus
687 642 735 693 est,·
750 643 772 682 et
782 643 858 684 recta
868 637 963 699 quietem
973 639 1011 685 ad
1019 654 1065 687 nte.

209 719 228 765 l.
245 721 282 765 88.
317 719 341 765 si
357 715 472 774 amns]
491 715 529 764 ‘is
540 730 589 778 you
605 715 650 764 ask
666 714 723 771 me‚'
739 716 778 764 ‘is
794 731 843 778 you
861 724 927 766 want
945 724 973 766 to
990 717 1086 768 know’
1106 718 1157 784 iq.
1178 726 1209 769 ut

161 795 248 828 venem
264 779 351 838 duam,
373 794 423 827 nan
439 779 468 826 di
493 785 557 827 teor:
578 794 618 842 ep.
641 779 673 827 ad
692 779 749 828 lam.
771 791 813 828 vu
834 793 854 839 1,
874 795 888 829 a
904 781 1013 841 omnino,
1027 782 1057 830 si
1070 784 1205 846 quaeris,

162 843 218 890 ludi
231 842 422 905 apparatissimi,
433 857 457 889 se
484 858 534 890 non
550 843 591 889 tui
604 843 725 902 stomachi,
739 843 771 891 de
785 858 836 891 sen.
852 843 865 902 5
878 841 909 904 65
924 851 984 892 sunt
994 847 1086 895 morosi
1094 853 1121 895 et
1130 848 1208 895 anxii

161 913 185 954 et
200 907 315 954 iracundi
334 921 407 961 series,
423 906 451 953 si
470 905 648 968 quaerimus,
664 906 738 953 etiam
758 906 842 962 avari,
863 906 949 955 deor.
973 919 995 957 11
1018 909 1033 967 5
1056 923 1116 971 254.
1150 911 1204 959 The

162 969 250 1080 phras6e
274 970 413 1033 apologiscs
437 969 475 1017 ior
496 984 512 1017 a
532 969 642 1032 possibly
662 968 813 1033 superfluous
840 977 979 1028 statement,
1001 971 1032 1020 P.
1055 972 1084 1022 S.
1110 973 1157 1022 Gr.
1178 989 1203 1037 p.

162 1046 209 1094 47⁵

209 1098 227 1142 1.
240 1099 278 1143 84.
310 1094 426 1155 mium]
448 1094 512 1143 Plin.
521 1093 546 1140 h.
554 1109 580 1141 n.
589 1105 679 1142 xxx1v
689 1093 713 1154 6,
726 1107 753 1142 ra
762 1100 903 1142 statuerunt
911 1101 935 1144 et
945 1096 1060 1157 (statuas)
1067 1100 1165 1147 Romae
1175 1099 1204 1147 in

161 1159 273 1206 amnibus
283 1158 343 1206 vicis
353 1159 433 1206 tribus
443 1157 537 1206 Mario
551 1157 737 1213 Gratidiano,
753 1157 907 1217 utilissimus,
920 1160 1059 1222 easdemque
1068 1162 1207 1210 subvertere

162 1221 248 1270 Sullae
262 1222 373 1277 introitu,
396 1221 491 1270 Seneca
512 1221 543 1268 de
565 1220 601 1268 ira
618 1231 652 1270 111
678 1223 705 1269 18
724 1222 763 1270 M.
787 1221 897 1281 Mario,
914 1223 957 1270 cui
972 1223 1076 1271 vicatim
1091 1226 1205 1287 papulus

161 1292 278 1332 statuas
293 1291 416 1346 posuerat,
435 1284 477 1331 cui
498 1284 537 1343 [in
558 1284 630 1331 cuius
647 1284 770 1345 honorem]
789 1291 845 1333 ture
859 1300 888 1333 ac
908 1286 967 1333 uino
982 1287 1149 1351 supplicaras,
1171 1290 1203 1338 L.

162 1348 236 1396 Sulla
242 1347 385 1410 praefringi
393 1362 475 1405 crura,
488 1347 544 1394 erui
552 1348 636 1402 oculos,
647 1349 774 1410 amputari
783 1364 873 1396 marsus
882 1349 962 1398 iussit.

209 1429 245 1474 aa
260 1437 305 1474 aaa
320 1430 374 1480 tau,
388 1424 466 1485 cerel]
483 1426 531 1488 ‘by
540 1425 608 1474 them
624 1424 677 1488 (ie.
694 1427 736 1475 the
750 1425 851 1489 statues)
864 1427 1035 1477 frankincense
1050 1428 1103 1478 and
1119 1435 1205 1492 tapers

162 1503 226 1537 were
237 1486 348 1536 bumed.’
369 1489 469 1548 comm]
489 1491 574 1537 ‘awax
583 1487 662 1552 light:
670 1489 749 1538 Plaut.
758 1490 831 1539 Curc.
839 1502 848 1538 1
857 1490 865 1538 i
875 1505 885 1539 1
895 1497 946 1538 tute
952 1491 998 1539 tibi
999 1498 1068 1554 puer
1074 1507 1106 1550 es,
1116 1493 1205 1541 lautus

163 1552 227 1599 luces
237 1566 354 1607 cereum,
366 1551 411 1598 i.e.
426 1554 488 1613 ‘you
499 1552 557 1599 wait
569 1568 636 1614 upon
646 1552 755 1614 yoursels
762 1554 811 1602 and
822 1569 892 1615 carry
902 1568 962 1615 your
972 1569 1029 1601 own
1040 1554 1105 1618 light
1116 1554 1205 1605 before

163 1629 211 1676 you
221 1613 283 1661 alter
293 1611 412 1676 bathing.’
437 1614 506 1662 Cerei
513 1631 576 1663 were
588 1615 725 1679 frequently
731 1624 785 1665 sent
796 1632 823 1664 as
834 1623 943 1679 presents
953 1631 987 1664 on
994 1617 1037 1666 the
1048 1619 1205 1667 Suumlia

163 1677 196 1740 by
207 1676 250 1725 the
260 1692 348 1740 poorer
358 1677 444 1724 clients
455 1685 481 1725 to
492 1678 555 1726 their
565 1679 670 1741 patroni.
705 1680 793 1728 Hence
804 1680 904 1727 Martiul
914 1691 933 1727 v
947 1680 975 1726 18
982 1697 1023 1728 :-

321 1756 387 1819 quod
400 1756 444 1804 tibi
457 1757 586 1804 Decembri
604 1772 689 1815 nunse,
710 1773 757 1820 quo
773 1758 858 1805 volant
874 1765 981 1821 mappae,

319 1820 467 1881 gracilesque
482 1820 571 1881 ligulae
586 1821 718 1882 cereique
733 1821 883 1883 chartaeque.

211 1900 274 1957 quid
284 1894 397 1956 maliti]
408 1913 441 1945 sc.
455 1913 616 1953 commemoro,
628 1897 672 1945 i.e.
685 1905 715 1945 ut
726 1897 828 1960 paucis
839 1897 946 1953 dicam.
958 1899 972 1957 5
983 1898 1042 1962 591.
1057 1914 1097 1964 19.

210 1979 375 2026 mantuani
400 1977 494 2036 carior]
520 1991 560 2039 cp.
587 1977 619 2024 de
646 1983 696 2038 pet.
724 1991 791 2024 cons.
814 1978 828 2036 5
853 1990 882 2026 lo
907 1978 947 2025 M.
974 1979 1102 2028 Marius
1130 1982 1203 2030 Gra·

163 2040 306 2098 tidianus,
331 2040 399 2087 homa
427 2039 569 2088 carissimus
584 2040 674 2102 populo
694 2040 806 2087 Romana
825 2054 842 2087 a
866 2039 979 2088 Catilina
999 2056 1082 2090 caesus
1101 2050 1126 2092 et
1146 2060 1203 2092 cru·

163 2104 390 2153 delissimeoccisus.

221 2184 300 2240 981,
318 2184 337 2229 1.
354 2185 392 2229 86.
424 2193 478 2229 non
493 2184 535 2229 iia
551 2180 685 2239 magnum]
707 2180 751 2228 ie.
773 2182 831 2228 ‘not
852 2195 880 2228 so
901 2196 960 2241 very
977 2178 1063 2244 great?
1087 2194 1111 2230 11
1131 2185 1147 2242 5
1174 2198 1203 2247 ¹9

164 2261 254 2309 neque
275 2246 319 2294 ita
340 2245 416 2291 multo
429 2250 489 2305 post,
509 2244 577 2291 Brut.
594 2245 607 2301 5
627 2259 674 2304 244
695 2259 752 2291 non
769 2243 813 2291 ita
834 2243 928 2301 mstltas,
951 2254 1013 2292 orat.
1034 2246 1048 2302 5
1071 2258 1104 2308 59
1125 2262 1203 2294 rarus

164 2310 335 2367 incessusnee
355 2311 397 2354 ila
419 2308 512 2368 longus,
529 2307 561 2355 de
582 2314 633 2354 nat.
656 2307 723 2354 deor.
745 2317 755 2353 1
776 2309 790 2364 5
812 2305 843 2355 86
863 2307 1040 2368 quibus-non
1062 2308 1108 2355 ita
1129 2311 1203 2357 ualde

165 2379 297 2429 moventur,
318 2373 385 2418 Brut.
403 2372 416 2427 5
433 2386 478 2430 ²33
495 2385 552 2416 non
569 2370 611 2416 ita
627 2370 683 2426 diu,
700 2369 761 2417 Hor,
780 2371 832 2418 Sat.
850 2381 871 2417 11
889 2368 912 2424 6,
933 2384 943 2418 1
959 2370 1068 2419 hocerat
1084 2372 1114 2419 in
1129 2376 1198 2431 votis,

164 2437 248 2483 modus
257 2435 315 2496 agri
326 2450 379 2481 non
391 2434 435 2480 ita
446 2448 529 2494 magn
535 2448 574 2490 us,
589 2433 692 2494 Madvig
703 2433 747 2481 Gr.
758 2434 772 2491 5
783 2431 829 2492 462
840 2448 865 2479 a.

210 2519 239 2561 Ρ.
261 2516 329 2569 124,
347 2515 366 2559 1.
382 2515 403 2558 2.
439 2514 570 2559 consulem
586 2511 652 2570 llari]
686 2512 734 2559 But
750 2510 782 2559 he
797 2526 848 2558 was
868 2511 960 2573 emelly
978 2510 1056 2559 killed
1076 2511 1112 2574 by
1130 2513 1202 2563 Sulla

164 2576 247 2624 before
257 2575 289 2623 he
299 2574 408 2623 attained
419 2574 461 2621 the
472 2574 553 2634 object
564 2574 592 2621 ol
599 2574 637 2622 his
648 2575 775 2629 ambition‚
786 2589 827 2622 see
837 2575 915 2622 above
926 2574 944 2622 l.
960 2590 991 2634 24
1001 2583 1068 2623 note.

211 2655 230 2700 l.
242 2656 264 2699 8.
297 2651 423 2710 omnium]
440 2662 505 2698 neut.
518 2650 569 2698 ‘sor
579 2652 613 2699 all
623 2649 710 2709 cases‚'
724 2661 733 2696 1
745 2651 758 2706 5
769 2648 799 2706 67
811 2650 827 2698 1.
842 2651 866 2696 8.

211 2737 264 2783 Η.
296 2730 484 2790 illum-huno]
516 2731 545 2780 C.
558 2732 905 2781 Marius-Gratidianus.

211 2814 230 2859 1.
246 2816 270 2858 9.
295 2809 397 2870 excato]
411 2807 481 2865 ‘siin’
498 2811 622 2858 ‘examine
634 2809 648 2859 :'
661 2811 790 2873 metaphor
804 2810 866 2858 from
880 2808 986 2873 shaking
999 2818 1043 2860 out
1058 2827 1074 2860 a
1085 2811 1145 2876 bag,
1157 2829 1199 2877 cp.

151 2884 211 2928 orat.
223 2878 307 2941 part.5
318 2892 362 2938 ¹²4
373 2873 512 2937 explanada
522 2875 621 2922 excuti
624 2875 838 2938 endoquenerbo,
852 2878 926 2926 Tusc.
934 2879 971 2936 1.5
979 2879 1018 2936 88,
1030 2894 1055 2940 p.
1065 2879 1133 2928 Mur.
1144 2882 1157 2938 9
1168 2880 1200 2931 26

151 2944 179 2992 in
190 2942 303 2990 manchus
314 2941 403 2989 iactata
413 2947 435 2988 et
449 2954 569 2987 excussa
586 2939 732 2986 inanissima
738 2941 886 3002 prudentiae
896 2949 990 3003 reperta
998 2949 1065 2990 sunt.

210 3028 478 3090 [anacronismum
499 3024 582 3084 nomo]
615 3026 662 3073 See
681 3025 734 3072 crit.
753 3032 831 3072 notes.
864 3025 888 3072 It
906 3024 927 3072 is
945 3024 1087 3086 impossible
1107 3032 1135 3074 to
1153 3043 1199 3090 say

163 3094 245 3142 which
262 3092 291 3140 of
308 3093 349 3139 the
371 3099 421 3138 two
440 3089 521 3137 words
541 3088 624 3151 species
641 3104 668 3135 or
678 3088 765 3148 ‚parma
787 3088 808 3135 is
829 3095 855 3135 to
877 3088 908 3135 be
928 3087 1030 3149 ejected.
1063 3088 1137 3150 They
1155 3106 1199 3140 are

162 3158 224 3205 both
238 3155 298 3203 used
314 3170 341 3202 as
357 3153 507 3216 equivalents
524 3160 549 3199 to
566 3152 608 3199 the
625 3150 736 3198 Platonic
752 3151 811 3198 εἶδος
827 3166 855 3197 or
869 3152 931 3197 ἰδέαι
949 3151 1202 3214 Tusc.1558quod

162 3228 253 3282 semper
262 3220 309 3266 tale
318 3218 357 3272 sit,
369 3217 440 3279 quale
450 3218 514 3262 ἰδέαν
525 3214 630 3276 appellat
640 3215 688 3271 ille,
702 3229 745 3260 nos
754 3213 880 3275 speciem,
892 3214 955 3274 Top.
969 3215 982 3271 9
993 3228 1025 3274 30
1036 3213 1198 3265 indivisibile

156 3285 255 3348 finmne
277 3288 343 3336 sunt,
366 3295 427 3341 quas
454 3278 540 3326 Graeci
564 3279 614 3331 elin
639 3283 731 3332 vocant,
755 3277 965 3337 nostri-species
988 3277 1119 3338 appellant,
1144 3293 1196 3326 nan

157 3347 259 3410 pessime
280 3345 310 3392 id
324 3344 426 3406 quidem,
444 3342 486 3388 sed
500 3341 625 3388 inutiliter
639 3341 673 3386 ad
690 3340 819 3386 rmutandus
839 3355 908 3386 casus
926 3339 954 3385 in
973 3339 1076 3386 delendo.
1108 3341 1197 3388 Nolim

162 3410 238 3463 enim,
250 3423 281 3455 ne
294 3407 316 3454 si
330 3407 419 3454 Latine
427 3405 505 3466 possit
517 3404 612 3466 quidem
627 3403 682 3458 dici,
701 3403 858 3465 specierum
877 3408 905 3449 et
921 3401 1061 3464 speciebus
1075 3400 1198 3462 dicere,-

164 3479 192 3520 at
192 3470 305 3535 formis
314 3477 337 3517 et
339 3469 508 3530 formarum
519 3468 599 3520 velim,
613 3466 714 3527 Madvig
724 3480 807 3526 opusc.
820 3465 890 3512 acad.
902 3475 911 3511 1
924 3481 949 3526 p.
961 3478 1016 3525 337.

211 3550 229 3596 l
243 3551 281 3594 10.
314 3548 386 3593 cant
395 3543 434 3604 ln]
450 3545 523 3591 ‘does
536 3544 555 3590 it
566 3543 622 3596 suit,
634 3541 677 3589 fall
689 3543 713 3589 in
727 3541 787 3589 with
802 3541 843 3589 the
854 3541 978 3588 character
991 3536 1048 3589 oli'
1079 3542 1094 3598 5
1110 3556 1140 3600 ¹4
1155 3557 1198 3591 nec

159 3616 258 3673 praeter
272 3609 402 3671 sapientem
418 3606 517 3655 cadere
532 3606 560 3654 in
576 3619 720 3669 quemquam
731 3611 814 3667 potest,
833 3605 846 3662 5
865 3618 893 3665 17
910 3603 1015 3667 quadiu
1031 3611 1140 3651 nostram
1158 3605 1197 3652 in·

163 3672 321 3736 tellegentiam
332 3671 415 3719 cadit.

209 3748 495 3811 mentiri-criminari]
510 3763 538 3797 as
550 3747 595 3797 did
610 3745 688 3796 Caius
702 3745 798 3794 blasius
809 3745 839 3792 in
849 3744 891 3793 his
902 3744 1008 3794 conduct
1021 3744 1127 3793 towards
1141 3744 1195 3796 Me·
