2580 4184
247 179 401 241 NOTES
439 180 529 242 Boox
543 180 595 240 111
616 183 1046 257 ccxxxxxx155110-112
1111 197 1169 259 397

169 339 188 385 1.
199 342 223 387 e.
259 337 420 398 quodidem]
449 336 555 401 15631·
568 354 608 402 33.
621 341 740 400 115101.
756 355 792 402 ro,
808 340 899 406 Zumpt
912 339 1051 406 Gr.5697.

168 420 187 465 1.
201 423 224 467 6.
259 417 366 478 dixerit]
399 419 470 488 5102
483 418 498 467 l.
512 433 549 481 34.
906 441 912 456 ·

169 499 218 546 iroo
229 497 358 557 exemplo]
391 512 425 546 sc.
438 497 467 546 of
476 497 616 562 Regulus.

170 577 362 639 mianum]
389 593 423 626 sc.
435 577 559 644 aliquod
571 595 636 630 esse
647 581 822 646 exemplum.

505 732 676 783 CHAPTER
698 734 791 783 XXXI

169 855 183 913 5
197 859 261 910 iu,
272 858 291 903 1.
303 859 327 905 8.
360 867 394 904 ex
406 859 465 905 tota
476 859 527 905 hec
541 856 631 918 laude]
664 855 706 905 ie.
718 873 773 904 cum
785 857 864 906 multa
875 857 927 907 sint
936 859 1070 917 laudanda,
1086 859 1129 908 ‘of
1136 861 1170 911 all

121 917 175 966 that
186 919 207 966 is
218 920 275 968 thus
287 919 441 970 meritorious
452 922 479 969 in
490 922 532 969 the
547 921 696 970 conductos
708 921 818 984 Regulus
833 923 882 971 this
895 931 935 972 act
948 925 1027 973 above
1038 925 1072 972 all
1087 926 1171 976 others

121 983 241 1033 demands
252 999 297 1033 our
307 985 463 1044 admiration,
478 986 531 1034 that
542 986 574 1035 he
586 985 661 1034 voted
672 985 709 1035 for
721 987 763 1035 the
774 987 902 1036 detention
912 988 942 1037 of
949 989 991 1038 the
1001 988 1142 1054 prisonem!

168 1066 188 1110 1.
199 1068 235 1112 12.
269 1076 323 1112 non
334 1068 376 1113 esi
386 1068 509 1120 hominis,
521 1068 567 1112 sed
577 1066 736 1126 mmporum]
771 1078 793 1115 11
805 1068 818 1126 5
831 1065 869 1129 76.

168 1147 187 1193 1.
199 1150 237 1194 16.
270 1149 300 1194 in
315 1149 451 1195 duodecim
464 1147 574 1208 miuus]
602 1148 634 1197 de
645 1147 693 1212 leg.
707 1150 795 1208 11522
810 1147 922 1212 periurii
926 1156 1005 1213 poeria
1017 1150 1106 1198 divina
1117 1151 1169 1200 exi·

119 1208 194 1269 tium,
205 1211 319 1259 humana
330 1212 433 1261 dedecus.

169 1295 289 1341 indicant
299 1292 429 1353 secretae]
463 1293 551 1342 Festus
562 1308 588 1357 p.
602 1295 648 1357 318
663 1301 796 1342 saeratae
810 1293 943 1357 legessunt,
958 1295 1048 1358 quibus
1057 1302 1170 1343 sanctum

120 1361 162 1413 est,
176 1357 294 1420 quiquid
305 1358 422 1405 adversus
432 1358 571 1420 eassecerit‚
585 1374 653 1406 sacer
661 1359 740 1406 alicui
751 1359 850 1407 deorum
864 1359 899 1407 sit
909 1376 965 1408 cum
974 1360 1083 1422 familia
1094 1368 1167 1423 pecu·

121 1424 220 1486 niaque.
252 1421 322 1469 Sunt
331 1422 377 1485 qui
385 1437 432 1470 esse
441 1422 527 1471 dicant
536 1428 654 1480 sacratas,
665 1437 728 1487 quas
735 1422 810 1486 plebes
822 1423 851 1472 in
863 1428 941 1471 monte
951 1439 1019 1471 sacro
1030 1424 1134 1473 sciverit.

166 1503 184 1548 i
199 1503 238 1546 18.
271 1501 394 1547 notiones
410 1501 704 1556 animadversionesque
721 1497 867 1558 censorum]
888 1498 941 1546 ‘the
952 1497 1132 1548 examinations
1143 1499 1171 1548 ol

120 1564 162 1613 the
179 1579 277 1612 censors
294 1564 343 1612 and
358 1563 400 1613 the
414 1562 586 1627 punishments
604 1562 714 1612 inflicted
729 1564 763 1626 by
777 1561 864 1611 them)
898 1562 947 1611 Pro
959 1563 1023 1612 Sest.
1036 1565 1049 1622 5
1060 1577 1090 1626 55
1108 1580 1168 1612 cere·

118 1629 201 1678 soria
223 1628 304 1676 notio
325 1634 349 1677 et
364 1628 543 1690 gravissimum
560 1627 679 1676 iudicium
694 1627 847 1676 sanctissimi
862 1627 1031 1690 magistratus,
1049 1629 1081 1676 de
1096 1644 1165 1692 prov.

119 1709 188 1742 cons.
200 1695 213 1752 5
225 1693 256 1754 46
266 1693 424 1742 statuendum
440 1699 475 1740 est
487 1693 651 1741 censorium
665 1692 787 1740 iudicium
803 1708 832 1740 ae
848 1695 995 1741 notionem
1011 1700 1034 1741 et
1044 1693 1111 1741 illud
1120 1709 1168 1741 ma

120 1774 178 1806 rum
193 1757 374 1806 severissimum
391 1757 513 1805 iudicium
530 1757 699 1820 magisterium
714 1772 764 1805 nou
779 1772 826 1805 esse
840 1756 944 1820 uefisriis
958 1757 1050 1820 legibus
1064 1758 1094 1806 de
1107 1759 1168 1806 civi·

119 1829 168 1870 tate
183 1823 315 1880 sublatum,
334 1821 360 1870 in
377 1822 426 1870 Pis.
444 1823 458 1880 5
479 1835 515 1878 ιο,
533 1837 578 1885 pro
596 1822 671 1869 domo
690 1823 703 1880 5
722 1835 752 1882 34
769 1821 851 1869 notio
868 1821 1025 1884 pontificum,
1045 1822 1079 1870 A.
1099 1823 1165 1874 Gell.

119 1899 181 1935 xvll
198 1889 225 1935 18
242 1887 379 1936 notiones
394 1886 522 1942 censorias,
539 1885 595 1933 Liv.
606 1896 688 1933 xxvii
702 1901 731 1947 25
744 1885 825 1933 where
836 1900 876 1933 see
888 1886 1037 1935 Gronovius.

167 1971 238 2016 1.1a.
270 1967 435 2027 iudicabant]
472 1966 546 2015 ‘used
565 1973 592 2014 to
608 1963 701 2030 judge,'
719 1966 841 2031 implying
858 1966 911 2016 that
929 1966 993 2016 their
1012 1983 1096 2032 power
1117 1935 1168 2018 had

122 2033 237 2097 perished
250 2032 310 2081 with
322 2032 364 2080 the
376 2030 599 2080 Commonwealth.

168 2116 262 2173 5112.
277 2117 304 2162 1..
312 2112 421 2173 Hanno]
434 2112 463 2160 L.
475 2111 607 2160 Manlius
618 2111 756 2160 A.F.A.N.
767 2110 961 2175 Capitolinus
973 2113 1164 2178 Imperiosus,

120 2179 226 2228 dictator
235 2191 286 2227 tac.
297 2177 326 2239 36
330 2192 351 2239 3,
363 2177 429 2226 clavi
431 2177 530 2241 figendi
539 2191 624 2224 caussa
632 2183 735 2234 creatus,
741 2177 845 2239 perinde
853 2192 880 2224 ae
888 2177 926 2225 rei
932 2179 1043 2240 publicae
1046 2180 1167 2242 gerendae

119 2261 148 2291 ac
159 2260 208 2291 non
219 2244 346 2292 solvendae
357 2242 481 2304 religionis
492 2242 578 2304 gratia
595 2248 689 2290 creatus
703 2247 766 2300 esset,
786 2242 874 2290 bellum
890 2241 1028 2290 Hernicum
1042 2243 1164 2307 affectans,

119 2309 209 2356 delectu
228 2308 308 2356 acerbo
326 2308 478 2356 iuuentutem
495 2306 616 2368 agitavit;
637 2306 790 2369 tandemque,
810 2307 923 2354 amitibus
939 2307 968 2355 in
987 2323 1042 2355 erem
1057 2309 1168 2356 tribunis
1228 2339 1232 2350 ·

114 2374 192 2438 plebis
205 2373 454 2429 coortis-dictatura
466 2371 534 2418 abiit.
567 2371 652 2433 Neque
664 2386 688 2420 eo
703 2372 786 2418 minus
795 2371 923 2435 principio
938 2372 1087 2436 insequentis
1100 2374 1168 2421 anni

121 2439 200 2486 -dies
210 2438 311 2486 Manlio
321 2437 413 2485 dieitur
424 2451 439 2483 a
451 2436 490 2484 M.
503 2435 637 2497 Pomponio
647 2442 679 2483 tr.
686 2436 725 2498 pl.
737 2434 793 2483 Liv.
806 2447 847 2484 vll
861 2451 883 2497 3,
897 2455 921 2498 4.
955 2436 1012 2500 [Cp.
1028 2437 1123 2486 Seneca
1133 2439 1167 2486 de

119 2503 199 2552 benef.
216 2515 248 2550 111
263 2515 301 2564 37,
316 2521 331 2564 4
348 2501 410 2549 vicit
419 2506 517 2564 patrem
533 2499 689 2562 imperiosum
705 2500 802 2562 quidem
820 2500 964 2549 Manlius:
982 2502 1027 2565 qui
1037 2518 1094 2550 cum
1109 2510 1168 2550 ante

114 2562 213 2631 'tempus
223 2568 342 2630 relegatus
355 2573 413 2614 esset
422 2580 438 2613 a
449 2572 522 2628 patre
533 2566 560 2613 ab
570 2565 757 2613 adulescentiam
773 2566 871 2613 brutam
885 2572 909 2612 et
918 2566 1026 2622 hebetem,
1038 2567 1073 2614 ad
1085 2567 1165 2615 tribu·

119 2648 182 2681 num
195 2633 278 2696 plebis,
300 2631 346 2694 qui
355 2630 429 2694 patri
444 2646 487 2678 suo
503 2630 601 2678 dixerat
615 2630 689 2684 diem.
707 2629 776 2677 venit
785 2630 906 2693 petitoque
918 2637 1025 2694 tempore,
1045 2633 1111 2695 quod
1125 2633 1167 2681 ille

119 2698 216 2745 dederat
231 2704 332 2758 sperans
339 2695 398 2758 sore
411 2695 559 2758 proditorem
575 2694 658 2757 patris
673 2695 760 2753 innisi,
779 2702 802 2742 et
815 2695 870 2742 bene
880 2695 995 2743 meruisse
1008 2697 1068 2744 sede
1078 2697 1166 2745 iuvene

119 2762 232 2817 credebat,
244 2762 317 2808 cuius
326 2760 430 2808 exilium
440 2767 489 2823 pro
499 2760 646 2822 gravissimo
660 2759 764 2807 ariorum
774 2760 839 2808 inter
848 2760 901 2807 alia
916 2759 1030 2809 Manlio
1044 2762 1164 2818 obiciebat,

120 2833 226 2874 nanctus
239 2826 377 2873 adulescens
390 2831 506 2872 secretum
520 2823 624 2887 stringit
639 2825 784 2872 occultatum
794 2824 853 2872 sinu
860 2824 962 2887 ferrum
977 2831 1000 2872 et
1014 2826 1075 2875 ‘nisi
1087 2826 1164 2874 iuras’

119 2891 205 2954 inquit
218 2892 253 2938 ‘te
267 2891 334 2938 diem
348 2889 412 2952 patri
427 2889 591 2947 remissurum,
610 2888 657 2936 hoc
668 2896 693 2937 te
707 2889 791 2952 gladio
806 2889 973 2938 transfodiam.
993 2889 1018 2937 in
1030 2898 1072 2938 tua
1083 2899 1164 2954 potes-

120 2963 170 3003 tate
182 2962 227 3009 est,
240 2962 295 3002 utro
305 2955 381 3002 modo
393 2962 462 3017 pater
473 2969 542 3002 meus
553 2960 720 3001 accusatorem
732 2968 782 3000 non
792 2949 902 3001 habeat.’
934 2955 1038 3002 Iuravit
1050 2957 1166 3003 tribunus

120 3035 163 3068 nec
170 3018 266 3081 fefellit
280 3025 303 3067 et
318 3034 417 3066 causam
432 3018 535 3066 actionis
551 3017 665 3066 remissae
679 3017 787 3065 concioni
801 3017 913 3066 reddedit.
946 3019 1025 3067 Nulli
1033 3020 1082 3068 alii
1093 3020 1165 3068 licuit

120 3084 214 3148 inpune
223 3083 354 3131 tribunum
366 3084 394 3131 iu
405 3084 514 3131 ordinem
525 3083 635 3145 redegere.
661 3093 681 3140 J.
690 3094 713 3129 n.
721 3094 743 3129 Β.
750 3081 792 3142 Μ.]

167 3169 186 3213 1.
198 3171 237 3214 21.
270 3168 340 3214 diem
354 3165 433 3227 dixit]
450 3168 527 3230 ‘gave
544 3164 632 3214 formal
648 3165 731 3214 notice
745 3164 775 3213 os
786 3180 818 3213 an
830 3164 1032 3228 impeachment‚'
1044 3168 1162 3231 Ramsay‚

119 3233 192 3280 Rom.
204 3232 227 3278 A
231 3231 293 3294 utiq.
305 3247 330 3294 p.
344 3232 399 3278 288.

169 3309 426 3371 quod-addidisset]
458 3309 522 3372 subj.
534 3309 560 3358 in
576 3309 723 3374 suboblique
734 3309 817 3358 causal
831 3309 914 3358 clause
928 3311 957 3358 Ρ.
970 3309 994 3360 S.
1011 3311 1055 3360 Gr.
1068 3328 1091 3376 p.
1104 3325 1160 3376 459,

120 3376 225 3439 Madvig
237 3376 280 3425 Gr.
293 3377 306 3434 5
318 3388 363 3437 357
376 3391 398 3434 a,
414 3376 487 3438 Roby
499 3375 541 3424 Gr.
556 3387 577 3423 11
593 3389 661 3438 1744.

167 3460 186 3505 1.
204 3461 241 3505 24.
275 3458 679 3514 quodcumeudivissei—niius,
691 3459 827 3514 negotium
837 3458 955 3504 exhiberi
965 3457 1027 3518 oea]
1060 3458 1164 3523 Madvig

120 3523 165 3572 Gr.
177 3524 191 3581 5
202 3536 264 3583 4495
282 3520 405 3583 negotium
421 3521 531 3568 exhiberi
542 3519 564 3583 (5
576 3519 630 3584 102)
642 3521 663 3569 is
676 3521 818 3585 epexegetic
830 3521 859 3569 ol
869 3521 948 3584 quod:
965 3537 1004 3586 cp.
1018 3535 1039 3571 11
1052 3524 1115 3590 529,
1129 3535 1162 3573 111

120 3593 132 3648 5
147 3603 191 3636 102
204 3587 246 3634 troc
255 3599 380 3634 contmuue
390 3591 593 3649 est-numquam
605 3601 646 3633 nec
655 3585 730 3633 irasci
739 3586 811 3634 deum
823 3601 865 3634 uec
875 3601 962 3634 noem.

167 3671 185 3716 t
205 3671 243 3714 aa.
276 3677 335 3714 cum
351 3667 436 3719 primo
451 3665 515 3726 luci]
550 3666 606 3714 The
624 3666 692 3716 MSS
709 3665 773 3714 have
791 3682 847 3714 cum
860 3667 947 3729 prima
964 3666 1023 3727 luce,
1046 3668 1118 3717 Bern.
1139 3684 1161 3718 c.

118 3734 199 3797 primo
214 3730 282 3780 lucis.
318 3729 415 3778 Nonius
430 3746 456 3793 p.
469 3746 517 3779 aro
528 3745 583 3793 says
594 3730 719 3794 expressly
731 3732 784 3779 that
795 3731 883 3780 Cicero
898 3732 924 3779 in
936 3732 978 3780 the
993 3741 1090 3796 present
1107 3749 1161 3797 pas·

120 3813 178 3860 sage
194 3795 254 3844 used
271 3796 318 3843 lux
333 3793 359 3842 in
371 3794 413 3842 the
424 3794 567 3843 masculine.
604 3795 628 3843 It
639 3795 660 3844 is
671 3796 793 3861 probable
802 3795 1052 3844 thereioretnatine
1064 3796 1180 3854 smmum

115 3866 218 3928 reading
227 3865 286 3915 ltere
297 3879 348 3914 roas
352 3863 441 3929 primo
450 3863 513 3917 luci.
547 3863 608 3916 Lux
618 3863 642 3916 is
651 3862 734 3915 iound
739 3863 770 3914 in
778 3863 826 3914 tlte
834 3861 981 3913 maseuime
985 3860 1022 3908 ‘m
1027 3854 1204 3907 mumius.
