2580 4184
80 194 131 252 III
145 208 213 253 xxv
228 188 279 272 95]
340 193 392 251 De
408 191 576 252 contentione
594 192 718 250 Honesti
735 196 771 275 et¹
787 191 875 251 Utilis
1075 212 1131 266 129

104 401 191 444 sem,
226 401 294 444 Cas„
333 363 455 440 quidem
474 362 618 442 promissa
636 364 781 424 servanda
799 373 877 436 sunt,
893 383 969 440 quae
985 384 1046 423 non
1061 377 1129 424 sunt

78 451 172 543 ξῗζῇᾗ
201 453 293 543 ξῧῇᾒ
331 455 366 517 iis
380 455 451 534 ipsis
464 456 555 530 utilia,
570 455 678 533 quibus
691 454 742 514 illa
754 455 932 532 promiseris.
964 459 1016 517 Sol
1038 459 1131 517 Phae·

77 551 291 654 wallibizi?
327 552 426 615 thonti
438 552 508 626 filio,
523 563 557 613 ut
574 553 731 612 redeamus
745 552 784 612 ad
797 553 920 627 fabulas,
936 554 1082 613 facturum
1096 573 1129 614 se

77 653 289 755 ffissffigtpowgfld
328 671 393 713 esse
407 650 481 711 dixit
494 648 641 728 quidquid
655 661 795 727 optasset
839 650 963 728 Optavit
976 663 1009 711 ut
1023 651 1054 710 in
1069 670 1133 710 cur·

328 771 394 811 rum
418 749 509 827 patris
536 750 703 811 tolleretur:
731 750 863 808 sublatus
890 760 953 809 est:
981 760 1071 826 atque
1092 749 1126 823 is,
1160 771 1175 820 5

78 862 147 910 ante
167 871 258 928 quam
278 847 419 920 constitit,
434 845 495 906 ictu
514 845 646 905 fulminis
660 846 839 922 deflagravit
884 848 1006 923 Quanto
1020 847 1126 908 melius

78 951 172 1008 luerat
198 947 230 1007 in
257 949 316 1007 hoc
339 944 518 1024 promissum
538 943 629 1020 patris
649 963 712 1004 non
734 963 798 1004 esse
819 949 984 1005 servatum!
1026 945 1132 1020 Quid?

78 1047 161 1122 quod
182 1047 318 1105 Theseus
339 1043 434 1121 exegit
453 1043 632 1120 promissum
652 1063 671 1102 a
692 1045 859 1118 Neptuno?
900 1043 959 1104 Cui
980 1063 1050 1103 cum
1071 1056 1129 1105 tres

79 1143 246 1221 optationes
268 1145 428 1220 Neptunus
442 1139 582 1212 dedisset,
598 1139 712 1216 optavit
730 1138 881 1199 interitum
897 1139 1055 1216 Hippolyti
1069 1140 1129 1211 filii,

79 1262 149 1302 cum
162 1242 187 1302 is
201 1240 277 1319 patri
291 1250 444 1317 suspectus
458 1248 536 1298 esset
550 1238 588 1296 de
602 1256 730 1297 noverca
738 1256 748 1310 3
769 1256 831 1314 quo
851 1248 954 1314 optato
968 1236 1126 1314 impetrato
1145 1264 1174 1298 ιο

79 1339 215 1399 Theseus
242 1336 274 1396 in
300 1334 436 1395 maximis
462 1333 517 1394 suit
544 1333 681 1394 luctibus.
745 1350 792 1410 95.
827 1333 931 1409 Quid?
971 1337 1131 1409 Agamem·

78 1454 140 1496 non
159 1453 229 1494 cum
248 1431 416 1493 devovisset
436 1431 552 1491 Dianae
571 1431 655 1508 quod
673 1430 704 1490 in
725 1450 779 1491 suo
794 1451 885 1508 regno
899 1431 1130 1509 pulcherrimum

79 1545 181 1594 natum
199 1544 278 1594 esset
292 1532 343 1592 illo
362 1550 451 1604 ann0,
463 1528 628 1590 immolavit
643 1529 839 1606 Iphigeniam,
856 1550 916 1608 qua
930 1530 1003 1590 nihil
1017 1542 1079 1591 erat
1092 1549 1130 1590 eo

79 1630 202 1708 quidem
229 1648 309 1689 anno
337 1639 440 1688 natum
467 1625 606 1703 pulcrius.
649 1626 833 1686 Promissum
860 1627 960 1703 potius
981 1646 1043 1687 non
1063 1627 1130 1686 saci-

79 1729 192 1788 endum
220 1746 311 1804 quam
336 1737 399 1786 tam
420 1735 548 1785 taetrum
569 1722 683 1784 facinus
704 1723 924 1785 admittendum
945 1724 1007 1785 fuit
1051 1728 1130 1802 Ergo
1144 1747 1172 1795 15

184 1881 189 1892 ,
327 1836 357 1886 et
375 1823 520 1902 promissa
539 1841 601 1882 non
619 1820 756 1882 facienda
775 1842 838 1882 non
853 1841 1017 1899 numquam
1032 1843 1129 1900 neque

79 1890 290 2024 ῗὴοῑὶξέοἷῖωῗιῗιῖ
328 1938 445 1996 semper
453 1915 589 1993 deposita
602 1917 763 1976 reddenda
794 1916 825 1976 Si
832 1917 963 1992 gladium
974 1917 1040 1994 quis
1049 1920 1130 1995 apud

80 1990 103 2024 ‘⁰
173 1993 225 2024 ΠΜ
327 2028 357 2077 te
371 2034 443 2076 sana
456 2024 558 2074 mente
572 2012 750 2090 deposuerit,
762 2024 877 2089 repetat
893 2013 1050 2087 insaniem,
1066 2017 1131 2076 red-

79 2119 150 2178 dere
164 2127 321 2194 peccatum
336 2113 381 2187 sit,
396 2109 527 2172 officium
540 2129 602 2170 non
616 2110 748 2169 reddere.
780 2109 885 2185 Quid?
905 2109 931 2170 si
944 2110 977 2183 is,
988 2111 1040 2187 qui
1050 2112 1130 2188 apud

78 2225 109 2274 te
123 2213 282 2291 pecuniam
297 2207 475 2289 deposuerit,
490 2208 601 2267 bellum
615 2205 719 2266 inferat
732 2205 851 2282 patriae,
869 2208 1016 2267 reddasne
1037 2210 1129 2284 depo·
1142 2233 1173 2267 20

79 2309 191 2370 situm?
233 2310 314 2381 Non,
329 2306 438 2379 credo;
458 2302 547 2362 facies
569 2301 649 2362 enim
670 2312 774 2361 contra
793 2320 856 2361 rem
877 2302 1036 2379 publicam,
1052 2323 1129 2380 quae

330 2402 421 2463 debet
442 2419 507 2460 esse
526 2398 685 2459 carissima
729 2400 775 2474 96.
802 2397 851 2459 Sic
872 2402 972 2472 multa,
988 2419 1064 2476 quae
1078 2401 1130 2460 ho-

79 2475 293 2586 prgiffi'ssfflffli
330 2511 414 2560 nesta
428 2509 532 2558 natura
544 2496 682 2556 videntur
696 2516 770 2569 esse,
782 2497 965 2573 temporibus
979 2500 1053 2558 liunt
1067 2518 1129 2559 non

80 2577 293 2677 ffifl‘ssfffissbffiffy'
329 2599 463 2658 honesta
500 2597 611 2654 Facere
624 2595 777 2672 promissa,
793 2607 870 2656 stare
885 2597 1049 2672 conventis,
1064 2600 1130 2660 red·

81 2677 293 2769 {fifssffiffi}
330 2694 400 2754 dere
434 2688 570 2769 deposita
602 2701 786 2751 commutata
812 2690 938 2752 utilitate
966 2693 1040 2754 fiunt
1068 2715 1129 2756 non
1143 2719 1171 2766 25

81 2778 212 2820 mm
330 2790 463 2850 honesta
506 2789 552 2846 Ac
571 2787 610 2847 de
623 2787 658 2846 iis
674 2787 804 2864 quidem,
821 2808 898 2865 quae
912 2789 1051 2851 videntur
1065 2812 1130 2852 esse

81 2885 221 2946 utilitates
249 2895 353 2946 contra
379 2884 520 2945 iustitiam
547 2882 734 2945 simulatione
760 2885 944 2962 prudentiae,
967 2887 1037 2947 satis
1057 2889 1130 2950 arbi-

81 2999 142 3045 tror
156 2983 277 3043 dictum.

141 3081 201 3141 Sed
229 3079 370 3157 quoniam
391 3100 410 3141 a
430 3089 569 3157 quattuor
595 3079 727 3140 fontibus
751 3079 915 3140 honestatis
936 3081 1032 3157 primo
1053 3082 1128 3143 libro

82 3178 180 3239 officia
193 3178 338 3252 duximus,
354 3178 384 3237 in
401 3177 515 3239 eisdem
535 3197 692 3251 versemur,
708 3197 777 3236 cum
798 3178 972 3239 docebimus
994 3198 1037 3252 ea,
1053 3199 1129 3256 quae
1143 3201 1174 3248 30

30 3294 35 3314 ¹
82 3277 240 3337 videantur
266 3295 332 3336 esse
359 3276 442 3336 utilia
469 3295 567 3353 neque
588 3275 655 3348 sint,
677 3294 767 3351 quam
788 3274 847 3335 sint
867 3275 980 3336 virtutis
1001 3274 1127 3336 inimica

82 3377 129 3434 Ac
149 3375 189 3434 de
208 3371 368 3451 prudentia
387 3372 519 3451 quidem,
535 3392 625 3450 quam
645 3373 708 3432 vult
728 3370 835 3432 imitari
856 3371 975 3446 malitia,
997 3371 1130 3449 itemque

130 3575 146 3624 8
170 3573 243 3623 neela
264 3573 305 3624 cui
326 3573 462 3624 cum-suit
483 3572 590 3622 luctibus
610 3571 699 3634 spurio
718 3587 767 3621 esse
791 3571 914 3620 intellexit
936 3570 1083 3620 Volckenaer
1098 3572 1135 3621 od

83 3654 150 3703 Eur.
163 3654 239 3718 ldpp.
249 3671 271 3704 v.
285 3656 349 3716 8873
365 3661 443 3703 totum
454 3655 532 3702 locum
543 3659 573 3701 ul
582 3652 696 3700 emblema
707 3653 803 3700 secluso?
812 3653 853 3700 Ba
889 3655 898 3709 ll
938 3667 967 3701 ro
983 3667 1033 3716 quo
1044 3660 1130 3716 optatu

82 3736 215 3799 impetrato
225 3736 256 3784 Se
271 3751 284 3784 e
299 3736 404 3784 Rern-c
439 3738 448 3792 l
485 3749 517 3797 30
532 3732 684 3782 versabimur
699 3733 748 3781 Bel
762 3733 801 3781 Al
817 3734 859 3792 Or,
874 3748 999 3782 versemur
1014 3732 1078 3782 codd.
1118 3737 1128 3792 ΙΙ

83 3816 304 3880 31videntur0r
335 3819 347 3874 ll
382 3830 413 3880 3²
429 3816 503 3868 acde
513 3814 707 3884 prudentia—et
717 3814 902 3884 temperandae
910 3820 941 3865 ut
952 3813 1041 3879 spurio
1051 3815 1148 3863 soloris

72 3895 367 3947 staanelorefi'acctolato

138 3984 196 4029 cre.
211 3973 327 4051 deOffi
1083 3993 1109 4050 q
