2580 4184
108 206 142 269 11
158 223 226 269 xxv
240 203 373 290 88-90]
450 208 632 286 Comparatio
651 210 809 270 utilitatum
1123 234 1160 294 93

109 376 171 440 Sed
184 387 250 439 toto
263 378 323 439 hoc
337 380 376 440 de
391 397 507 457 genere,
523 380 562 441 de
579 352 756 458 quaerenda,
772 381 811 442 de
827 381 1004 443 collocanda
1023 377 1159 456 pecunia,

72 473 76 481 ’
108 476 217 537 vellem
231 474 322 536 etiam
337 477 375 537 de
389 477 509 551 utenda,
523 478 712 540 commodius
730 498 749 538 a
762 478 940 556 quibusdam
958 475 1078 555 optimis
1091 474 1159 535 viris

18 873 99 927 XXV

109 573 151 632 ad
164 573 274 634 Ianum
287 571 420 634 medium
434 574 606 636 sedentibus
620 595 710 653 quam
723 576 763 635 ab
777 574 844 635 ullis
858 572 1043 652 philosophis
1056 573 1117 632 ulla
1130 571 1161 631 in

109 671 213 732 schola
226 670 401 748 disputatur.
434 675 510 734 Sunt
523 684 623 734 tamen
631 693 668 734 ea
677 674 899 752 cognoscenda:
921 671 1069 749 pertinent
1081 668 1160 730 enim

110 768 151 828 ad
164 766 331 842 utilitatem,
346 767 384 827 de
399 787 459 845 qua
471 769 531 829 hoc
544 769 620 830 libro
634 768 816 847 disputatum
831 778 883 828 est
1027 841 1032 854 ι
1190 783 1205 832 t

423 868 471 925 88.
515 866 576 928 Sed
603 864 802 926 utilitatum
829 861 1056 942 comparatio,
1088 881 1160 939 quo

109 945 326 1040 ,Jfflffi'
364 960 444 1022 niam
464 961 514 1023 hic
534 964 618 1049 locus
639 972 701 1023 erat
723 973 853 1040 quartus,
875 981 894 1021 a
917 961 1060 1020 Panaetio
1080 979 1162 1037 prae·

109 1048 271 1142 aserenon..
364 1059 523 1134 termissus,
546 1080 635 1138 saepe
656 1071 701 1121 est
722 1058 894 1120 necessaria
937 1061 1019 1122 Nam
1045 1068 1076 1119 et
1098 1076 1162 1118 cor·

110 1142 327 1240 atsirimiiiii!
362 1157 443 1235 poris
464 1158 625 1218 commoda
648 1177 719 1217 cum
739 1155 865 1217 externis
891 1167 920 1217 et
936 1146 1069 1230 [externa
1089 1173 1159 1214 cum

110 1239 166 1322 iiiii
176 1231 330 1340 ’ἓξῖἒῑζῗςζῗ
364 1251 507 1335 corporis]
523 1266 553 1316 et
576 1254 642 1333 ipsa
668 1253 745 1315 inter
768 1273 801 1314 se
824 1252 955 1331 corporis
983 1263 1013 1312 et
1040 1261 1206 1310 externam

111 1329 242 1422 {duffii}
255 1331 328 1442 iiiii
364 1373 434 1413 curn
454 1353 581 1415 externis
600 1352 765 1431 comparari
786 1354 889 1413 solent
933 1352 1012 1413 Cum
1033 1347 1160 1409 externis

111 1431 164 1533 2¹,ss
170 1444 328 1525 &efflas
364 1449 495 1527 corporis
509 1452 568 1510 hoe
581 1452 674 1512 modo
688 1461 904 1527 comparantur,
918 1449 1015 1507 valere
1029 1455 1062 1506 ut
1076 1443 1160 1504 malis

361 1565 451 1623 quam
476 1544 559 1605 dives
583 1562 666 1616 esse;
694 1538 774 1622 [cum
796 1538 926 1616 corporis
953 1550 1074 1600 externa
1099 1541 1158 1600 hoc

112 1649 214 1713 modo,
245 1643 329 1706 dives
351 1664 416 1705 esse
448 1642 548 1721 potins
575 1659 664 1718 quam
692 1636 838 1698 maxumis
865 1636 998 1713 corporis
1024 1633 1157 1713 viribus]

110 1733 177 1811 ipsa
206 1732 284 1793 inter
307 1749 339 1792 se
360 1733 491 1810 corporis
515 1733 567 1805 sic,
590 1747 624 1792 ut
647 1733 728 1792 bona
749 1729 888 1790 valetudo
912 1725 1057 1803 voluptati
1081 1735 1160 1785 ante·
1176 1737 1203 1785 ¹5

110 1839 247 1908 ponatur,
267 1826 344 1888 vires
364 1826 522 1903 celeritati3
543 1838 730 1889 externorum
750 1837 859 1898 autem,
878 1835 912 1884 ut
927 1824 1020 1902 gloria
1040 1821 1158 1895 divitiis,

137 1989 152 2032 s
182 1990 187 2001 ,
244 1989 256 2030 s
363 1925 517 2004 vectigalia
530 1924 644 1984 urbana
662 1920 786 1982 rusticis.
829 1922 876 1997 89.
908 1921 955 1979 Ex
973 1938 1034 1996 quo
1051 1936 1158 1997 genere

110 1999 328 2083 tne²eii¹e⁸r⁰0n⁶ffl
365 2019 594 2100 comparationis
614 2019 689 2078 illud
709 2028 754 2078 est
783 2014 906 2078 Catonis
934 2015 1026 2077 senis:
1058 2001 1173 2092 aquo¹

110 2091 200 2142 '⁰¹³³‘oe
365 2137 434 2178 cum
457 2126 653 2194 quaereretur,
674 2113 747 2190 quid
766 2111 894 2171 maxime
917 2109 948 2170 in
971 2130 1002 2171 re
1025 2109 1159 2170 familiari

110 2220 273 2299 expediret,
287 2219 440 2297 respondit
459 2222 555 2279 ‘Bene
569 2215 709 2294 pascere!
750 2212 833 2287 Quid
844 2211 1028 2271 seeundum?
1044 2248 1046 2251 ψ
1070 2205 1158 2266 ‘Satis
1172 2216 1204 2252 ²0

111 2318 189 2380 bene
209 2319 347 2397 pascere!
388 2315 472 2392 Quid
495 2314 633 2375 tertium?
674 2313 769 2371 ‘Male
791 2307 930 2387 pascere)
972 2304 1055 2380 Quid
1075 2322 1160 2381 quar-

111 2417 194 2476 tum?
235 2413 359 2476 ‘Arare’
400 2416 440 2475 Et
463 2412 613 2484 camille,
638 2408 690 2486 qui
713 2405 888 2484 quaesierat,
914 2402 1036 2465 dixisset
1065 2398 1159 2475 ‘Quid

111 2510 264 2572 fenerarii’
284 2521 348 2571 tum
369 2511 447 2572 Cato
462 2507 558 2585 ‘Quid
578 2504 743 2565 hominem'
764 2500 861 2578 inquit
885 2496 1064 2560 ‘occideret’
1113 2496 1159 2554 Ex

109 2626 172 2684 quo
185 2618 217 2670 et
229 2608 331 2669 multis
343 2607 407 2667 aliis
422 2603 550 2682 intellegi
565 2603 655 2664 debet
673 2599 833 2660 utilitatum
847 2592 1083 2673 comparationes
1096 2591 1158 2652 fieri

109 2707 206 2766 solere
230 2689 369 2782 recteque
389 2705 449 2764 hoc
469 2702 643 2762 adiunctum
662 2717 727 2759 esse
751 2706 889 2772 quartum
910 2691 1157 2770 exquirendorum
1172 2701 1202 2751 25

109 2801 275 2862 officiorum
288 2820 388 2880 genus
432 2819 480 2878 90.
501 2797 632 2874 Reliqua
644 2794 786 2870 deinceps
799 2808 1015 2869 persequemur.

162 2984 173 3022 1
191 2969 235 3020 sed
246 2968 485 3034 toto...disputatum
502 2970 565 3016 este
583 2965 596 3025 ἕ
614 2978 647 3029 90
664 2962 713 3011 iuuc
730 2957 883 3024 transposuit
903 2957 988 3018 Unger
997 2952 1158 3018 probantibus

108 3053 152 3104 Ba
167 3053 250 3103 Heine
260 3054 311 3102 Mu
340 3066 356 3117 9
377 3051 449 3100 veria
462 3056 487 3099 et
500 3054 601 3098 externa
614 3060 671 3096 curn
685 3043 795 3107 corporis
806 3040 876 3089 uncti
885 3037 1011 3088 secludunt
1021 3037 1061 3085 Ba
1077 3037 1160 3098 Unger

109 3134 199 3191 Ha'ne,
214 3133 287 3182 aram
302 3147 365 3196 quae
378 3136 514 3195 sequuntur
535 3141 629 3191 13-14
646 3141 702 3174 curn
719 3119 961 3188 corporis-viribus.
1012 3119 1024 3177 ΙΙ
1060 3129 1088 3164 at
1118 3112 1159 3164 vel

113 3208 181 3259 male
192 3221 294 3274 pascere
304 3204 406 3254 Heinae
419 3200 553 3253 Columella
557 3216 569 3257 ,-
584 3198 645 3263 quid
656 3195 755 3245 tertium
761 3197 904 3260 i-pascere
918 3208 966 3242 om.
982 3191 1048 3240 codd.
1062 3195 1161 3252 praeter

114 3291 191 3342 oetp

477 3621 560 3666 LIBRI
582 3621 714 3668 suevum
736 3617 818 3665 anns
