2580 4184
137 201 193 246 272
371 182 524 244 NOTES
563 182 651 240 Βοοκ
668 182 701 240 ΙΙ
722 199 788 241 cix
808 183 969 259 5531—33

137 291 457 305 u-n·-—-—·——·-—-—
983 294 1193 310 -·—-—...—-

544 427 716 476 CHAPTER
738 427 778 476 lx

182 552 195 610 5
208 555 256 608 et,
272 552 291 598 1.
305 553 343 598 21.
372 550 425 598 elie
436 535 595 609 libre-eui]
628 548 666 597 for
676 548 726 597 alio
737 548 806 606 libra,
821 554 905 611 nempe
914 547 942 596 in
954 564 979 597 eo
988 548 1065 613 qui-

180 635 200 679 i.
219 635 257 679 12.
291 635 323 679 de
342 632 513 688 clerte...uuo
528 628 601 690 libri]
635 645 694 678 now
712 630 768 688 lost,
789 630 884 692 though
900 630 959 693 they
981 632 1076 680 existed
1095 631 1124 681 in
1143 631 1191 683 the

133 696 193 745 time
204 696 233 744 of
243 695 367 745 Petrarch.
396 695 468 757 They
478 711 520 743 are
531 694 638 743 referred
651 702 677 743 to
688 693 715 742 in
726 710 741 742 a
752 695 824 742 letter
835 702 861 743 to
872 695 977 754 Atticus,
992 707 1031 742 xv
1043 710 1080 758 17.

180 780 199 825 1.
213 781 251 825 14.
284 774 461 835 attingemus]
485 774 579 838 jussive
591 772 654 837 subj.
672 774 721 823 ‘let
732 789 772 822 me
784 773 860 823 touch
870 773 958 838 briefly
969 791 1002 823 on
1014 775 1056 823 the
1067 774 1189 838 subject)

180 859 199 905 L
213 862 251 904 tt.
285 868 388 904 summe
404 857 432 904 et
447 859 565 914 perfecta
581 854 678 915 glorta]
712 863 765 904 true
782 854 859 918 glory,
880 855 1014 918 according
1025 863 1052 904 to
1063 856 1107 904 the
1118 857 1183 905 defi·

132 920 212 970 nition
228 920 257 970 of
268 921 288 970 it
304 921 378 984 given
394 921 428 983 by
446 921 534 968 Cicero
550 918 604 983 (pro
617 920 696 968 Marc.
708 935 729 968 c.
745 918 808 979 viti)
827 920 933 967 illustris
948 927 983 968 est
999 936 1028 968 ae
1043 928 1184 984 ,magatia

132 987 267 1033 multorum
285 992 309 1033 et
326 998 470 1048 magnonem
490 985 530 1033 uel
546 985 575 1032 in
591 1001 646 1032 suos
664 984 705 1032 uel
718 984 747 1031 in
762 984 875 1046 patriam
898 985 939 1032 vel
957 985 986 1032 in
1007 1000 1078 1033 omne
1099 1001 1184 1048 genus

130 1050 260 1098 hominum
269 1050 346 1114 ferora
362 1050 515 1097 nreritorum.
549 1049 691 1097 Elsewhere
714 1048 746 1096 he
767 1063 823 1111 says
842 1049 1012 1111 (Tusc.1113)
1026 1049 1131 1111 gloria
1148 1055 1186 1098 est

130 1114 208 1162 solida
224 1115 342 1178 quaedam
358 1128 412 1163 res:
428 1130 456 1162 ea
472 1121 505 1162 est
520 1115 668 1161 consentiens
684 1113 740 1160 laus
757 1113 882 1170 bonorum,
902 1113 1044 1176 incorrupta
1060 1128 1109 1161 vox
1125 1114 1185 1163 hene

131 1179 296 1227 t'rtdt'cantium
312 1179 341 1227 de
353 1179 479 1227 excellenti
492 1178 592 1233 virtute,
609 1194 636 1226 ea
648 1177 741 1225 virtuti
755 1183 852 1224 resonat
866 1184 993 1240 tamquam
1009 1178 1105 1240 imago:
1119 1194 1185 1241 quae

129 1244 189 1307 quia
200 1244 389 1309 rectesactorum
396 1244 544 1306 plerumque
553 1256 628 1290 comes
638 1248 680 1302 est,
694 1256 744 1290 non
755 1248 790 1290 est
800 1242 868 1290 bouis
878 1242 943 1290 uiris
952 1242 1117 1307 reputatae.

182 1329 201 1375 l.
213 1331 251 1376 at.
286 1326 390 1387 dignos]
423 1324 552 1375 indefinite
563 1325 644 1390 object
656 1327 769 1376 omitted.

181 1418 201 1463 1.
213 1420 251 1463 19.
283 1419 450 1470 pariunture
460 1414 582 1475 singulis]
602 1416 655 1463 ‘are
667 1415 783 1464 obtained
796 1415 858 1464 from
869 1412 921 1478 (not
934 1413 998 1478 ‘by'l
1008 1415 1178 1472 individuae:

135 1477 192 1539 (nisi
208 1487 316 1544 praestat
332 1480 502 1542 interpretatio
519 1477 611 1527 Beieri:
634 1480 846 1539 conciliantur,
868 1479 1067 1543 adipiscimur
1086 1497 1101 1528 a
1120 1480 1179 1529 siu·

134 1544 220 1606 gulis.
258 1544 334 1592 Hand
352 1543 480 1592 Tursell.1
497 1558 523 1607 p.
537 1558 576 1602 51.
610 1543 658 1607 Cp.
670 1544 701 1592 de
718 1544 760 1592 oft.
776 1556 798 1592 11
817 1547 830 1603 5
848 1561 878 1606 42
894 1543 911 1592 l.
925 1547 975 1605 21).
1010 1544 1093 1593 Heine
1109 1560 1177 1593 com·

134 1623 205 1671 pares
216 1608 273 1656 Ter.
288 1609 352 1657 Eun.
367 1620 401 1656 111
420 1621 442 1669 5,
454 1622 470 1670 9
486 1607 554 1655 adelo
565 1613 636 1669 atque
647 1608 681 1655 ab
695 1625 724 1657 eo
734 1609 843 1671 gratiam
860 1610 931 1665 hanc,
943 1625 1019 1672 quam
1030 1609 1098 1657 veileo
1108 1611 1176 1665 velle,

135 1673 208 1732 inibo,
223 1672 308 1728 Allen,
320 1672 351 1721 de
363 1672 406 1720 fin.
420 1685 429 1720 1
447 1675 459 1730 5
476 1685 505 1734 53
518 1673 579 1734 plus
592 1673 620 1719 in
635 1673 687 1734 ipsa
699 1673 799 1721 iniuria
810 1674 952 1722 detrimenti
964 1681 999 1723 est
1008 1690 1084 1738 quam
1098 1675 1128 1722 iu
1144 1674 1177 1722 iis

134 1737 204 1785 rebus
214 1736 378 1796 emolumenti,
391 1752 454 1799 qnae
459 1736 632 1799 pariuntur
642 1737 751 1785 iniuria.

181 1803 252 1850 aliua
263 1804 371 1857 quidam
381 1801 482 1860 editus]
503 1800 579 1849 refers
590 1808 616 1849 10
627 1800 670 1850 the
681 1802 773 1866 special
785 1810 899 1867 precepts
910 1801 984 1866 given
995 1804 1008 1862 5
1020 1815 1050 1864 45
1062 1801 1088 1850 ff.

180 1884 199 1928 1.
217 1886 256 1929 31.
287 1881 407 1942 intinere]
435 1886 473 1930 ‘to
489 1881 551 1930 steal
567 1881 639 1941 into,'
655 1883 687 1931 de
709 1899 757 1932 aur.
782 1885 795 1942 5
818 1881 848 1948 96
871 1882 1023 1932 influebat
1044 1883 1074 1932 in
1093 1883 1172 1933 auria

133 1944 254 2008 N'agelsb.
265 1946 308 1995 lat.
324 1948 380 1996 Stil.
393 1963 418 2011 p.
431 1960 487 2010 357.

181 2030 306 2088 582.1.
329 2034 367 2077 ³2.
400 2032 432 2077 de
453 2028 519 2087 illie]
559 2029 678 2091 111534‚
699 2029 822 2088 15201.
842 2029 1011 2091 13,51081.
1036 2043 1071 2087 1ο,
1093 2030 1106 2088 5
1128 2043 1173 2092 ¹5²

132 2089 150 2140 l.
170 2108 192 2154 5.
227 2093 301 2153 ante]
322 2096 387 2155 531.
421 2095 620 2142 benevolentiae
635 2094 787 2153 praecepte]
804 2093 846 2157 iq.
861 2101 989 2156 praecepta
1001 2094 1173 2142 berrmolentiae

131 2159 314 2219 comparandae,
327 2157 403 2207 ‘rules
415 2157 452 2206 for
463 2157 593 2220 obtaining
603 2158 669 2220 good
677 2155 763 2219 will,'1
775 2159 788 2219 5
800 2157 831 2208 86
842 2159 959 2207 utilitatis
964 2166 1098 2223 praecepta,
1111 2170 1120 2206 1
1133 2161 1146 2218 5
1159 2159 1174 2206 8

126 2229 254 2284 praecepta
266 2223 350 2286 officii:
367 2239 407 2286 cp.
419 2231 477 2272 note
491 2239 502 2272 1
516 2223 600 2286 5971.
615 2237 653 2285 ²3·

176 2315 205 2357 1².
219 2313 298 2366 12,1
313 2315 335 2358 1.
362 2312 501 2358 voluntate
511 2310 636 2370 benefice]
644 2309 768 2373 :benaici
776 2325 810 2367 0.,
825 2326 856 2358 an
868 2309 1009 2373 expression
1021 2309 1071 2358 like
1082 2309 1178 2373 sapiens

128 2376 254 2434 emanatio,
265 2374 334 2436 forte
349 2375 486 2431 consilium,
505 2376 693 2423 amantissimus
706 2391 791 2433 sermo,
808 2375 940 2422 doctissimi
951 2375 1016 2434 libri,
1035 2375 1085 2422 loca
1104 2377 1176 2424 iterio·

127 2440 213 2499 centra,
226 2439 375 2501 concerning
387 2438 467 2486 which
479 2454 520 2486 see
532 2441 557 2487 N
559 2440 691 2502 'agelsbach
703 2440 744 2488 lat.
761 2439 817 2489 Stil.
829 2456 854 2503 p.
870 2441 921 2504 189.

175 2523 194 2567 1.
206 2525 229 2568 ³.
257 2523 318 2577 ipae
328 2523 401 2568 tame
416 2521 444 2567 et
459 2523 582 2577 opinione
592 2519 773 2580 liberalitatis]
801 2520 848 2582 ‘by
859 2520 901 2567 the
912 2535 978 2568 mere
989 2520 1115 2569 character
1125 2521 1177 2570 and

128 2585 268 2648 reputation
285 2585 323 2632 for
342 2582 483 2646 liberality.'
520 2585 608 2647 Opinio
625 2584 679 2633 ‘the
696 2585 842 2632 sentiments
864 2584 893 2631 of
906 2585 989 2633 others
1008 2585 1083 2632 about
1101 2583 1149 2643 us,‘
1165 2597 1175 2634 1

129 2651 141 2706 5
157 2665 199 2711 133
215 2649 232 2696 l.
246 2665 284 2714 29,
305 2649 427 2710 115541.
443 2662 487 2710 273
504 2665 532 2698 so
543 2649 689 2697 existimatio
705 2649 726 2696 is
746 2649 811 2697 ‘that
829 2649 911 2697 which
924 2665 981 2697 men
1000 2649 1072 2697 think
1089 2649 1118 2697 of
1130 2648 1175 2707 us,’

129 2714 288 2763 ‘characten'
323 2713 370 2763 See
382 2714 502 2776 N'agelsb.
515 2714 558 2762 lat.
572 2713 628 2764 Stil.
641 2729 684 2777 pp.
697 2727 735 2775 57,
753 2713 805 2762 160.

174 2796 193 2842 1.
214 2799 237 2841 t.
271 2805 340 2851 quae
361 2797 497 2852 periment
523 2796 559 2843 ed
577 2797 808 2842 mansuetudinem
830 2793 943 2854 morum]
983 2794 1053 2842 these
1074 2793 1176 2855 virtues,

126 2859 247 2916 molestia,
261 2859 430 2922 temperantia,
445 2860 541 2907 iustitia
556 2875 597 2908 are
611 2859 732 2907 therefore
746 2858 765 2922 (1
778 2860 791 2917 5
803 2856 843 2921 46)
855 2859 936 2907 called
949 2859 1053 2907 virtutes
1063 2860 1172 2908 leniores.

173 2940 193 2986 i.
205 2942 243 2985 11.
277 2939 382 2999 11111111]
416 2947 544 2987 scsunt.

174 3018 187 3075 5
200 3021 249 3076 ee,
268 3019 287 3064 1.
300 3021 338 3064 12.
372 3021 500 3066 tides-ut
509 3020 737 3067 habeatur-etilci
748 3014 847 3076 potest]
864 3014 1022 3064 consecutive
1033 3013 1097 3078 subj.

173 3098 192 3143 1.
204 3101 241 3145 13.
277 3100 379 3145 duabus
388 3098 478 3157 rebus]
489 3098 585 3147 instead
596 3099 625 3147 of
632 3099 719 3162 saying
728 3099 857 3148 coniuncta
868 3115 923 3146 curn
934 3098 1033 3146 iustitia
1034 3097 1175 3161 prudentia

128 3159 215 3210 Cicero
227 3177 282 3224 says
292 3163 317 3210 si
326 3162 528 3211 existimabimur
537 3173 584 3212 cet.

173 3247 384 3292 existimabimur
394 3245 493 3303 edenti]
508 3259 542 3292 sc.
556 3260 628 3301 esse,
641 3244 670 3292 P.
684 3244 709 3293 S.
723 3245 765 3294 Gr.
782 3260 807 3307 p.
820 3241 876 3306 346.

172 3324 189 3369 i
202 3327 240 3369 lt.
257 3335 320 3370 nam
330 3326 358 3370 et
368 3322 413 3382 ile]
430 3323 472 3371 the
483 3330 506 3371 et
516 3323 678 3386 corresponds
689 3331 715 3371 to
727 3324 768 3371 the
780 3331 862 3371 autem
873 3324 900 3371 in
913 3323 988 3373 iustis
1003 3331 1092 3384 aretem,
1107 3340 1145 3389 cp.
1162 3337 1173 3376 1

125 3386 171 3451 59,
186 3388 199 3445 5
216 3404 255 3446 44,
270 3389 349 3448 5155,
370 3387 402 3435 de
421 3388 498 3436 divin.
514 3389 549 3446 15
569 3402 621 3446 111,
640 3388 714 3435 Tusc.
733 3400 751 3435 v
768 3390 781 3447 5
799 3403 902 3452 94-97‚
924 3399 985 3437 orat.
1002 3392 1015 3449 5
1035 3405 1170 3455 194-197,

125 3451 217 3514 quoted
229 3452 261 3513 by
274 3452 377 3514 Madvig
388 3452 414 3501 in
425 3453 463 3501 his
476 3453 599 3501 Excursus
610 3468 642 3500 ou
654 3451 739 3501 defin.
754 3468 780 3516 p.
794 3466 849 3514 790.

174 3536 235 3590 plue
251 3536 405 3590 intellegere
423 3546 502 3591 qnam
518 3531 577 3593 nee]
610 3531 753 3597 Xenophon
766 3534 857 3598 Cyrop.
871 3532 916 3594 16,
933 3550 958 3583 21
975 3533 1002 3582 ὄν
1015 3536 1063 3597 γὰρ
1073 3533 1102 3583 ἂν
1112 3533 1173 3595 ἡγή·

126 3612 215 3644 σωνται
234 3598 289 3656 περὶ
307 3599 349 3645 τοῦ
372 3599 532 3658 συμφέροντος
550 3598 640 3646 ἑαυτοῖς
663 3595 837 3660 φρονιμώτερον
859 3599 949 3646 ἑαυτῶν
967 3601 1033 3659 εἶναι,
1054 3599 1131 3660 τούτῳ
1151 3602 1172 3648 oi

128 3663 246 3721 ἄνθρωποι
263 3663 395 3722 ὑπερηδέως
412 3665 541 3709 πείθονται.
572 3662 713 3726 Intelligere
730 3664 804 3712 refers
821 3671 848 3711 to
863 3663 1021 3727 intelligence
1036 3665 1172 3728 generally,

118 3725 215 3787 futtern
226 3727 363 3788 prospicere
379 3727 428 3774 and
443 3727 574 3775 eonsilium
591 3742 621 3774 ex
637 3734 740 3790 tempore
756 3735 838 3792 capere
853 3735 880 3776 to
895 3729 926 3776 its
942 3739 992 3778 two
1006 3729 1172 3780 subdivisione

120 3791 222 3850 repturio
232 3791 284 3837 and
295 3786 408 3851 α’γχὶνοια
419 3790 590 3855 respectively‚
602 3802 612 3840 1
623 3806 645 3840 c.
660 3790 684 3841 6.

151 3872 174 3919 1.
187 3875 224 3921 17.
239 3883 301 3923 eum
311 3885 360 3924 ree
370 3875 482 3941 egetur]
495 3875 539 3927 the
551 3873 711 3942 subjunctive
716 3874 827 3926 because
835 3873 861 3923 oi
871 3889 938 3923 curn
946 3874 1127 3934 suboblxuueoe
1135 3875 1178 3922 ἃ.
