2580 4184
131 121 171 180 aa
485 95 801 199 'perarmefivenaa
1007 117 1181 202 [11xx174

132 287 386 364 congregabantur
406 285 552 360 homines,
575 297 675 347 tamen
697 307 750 365 spe
769 286 923 347 custodiae
943 305 1041 346 rerum
1061 305 1181 346 suarum

383 384 500 445 urbium
509 385 657 461 praesidia
667 386 863 462 quaerebant.
900 401 947 459 74.
974 383 1181 444 Dandaetiam

131 450 348 561 urlll’ta'llall
385 492 535 557 operaest
551 500 601 549 ne,
617 482 702 558 quod
718 483 800 560 apud
818 479 945 541 maiores
958 491 1075 540 nostros
1092 499 1181 557 saepe

132 552 184 592 '⁹¹³¹
193 561 263 594 ”¹⁸³³
382 578 473 637 fiebat
483 588 602 655 propter
615 578 717 638 aerarii
731 577 906 639 tenuitatem
919 575 1181 653 assiduitatemque

131 675 285 750 bellorum,
300 673 441 734 tributum
451 673 488 733 sit
497 675 710 735 conserendum
714 698 724 751 3
736 675 827 752 idque
836 695 875 735 ne
884 673 1000 734 eveniat
1008 674 1104 733 multo
1113 685 1181 733 ante
1210 696 1223 745 5

131 769 186 830 erit
198 769 425 845 providendum.
467 769 519 830 Sin
533 789 610 846 quae
620 771 779 832 necessitas
793 770 880 830 huius
893 767 1024 830 muneris
1037 766 1127 827 alicui
1140 765 1182 827 rei

133 865 271 944 publicae
290 861 563 923 obvenerit-malo
582 860 662 920 enim
682 880 772 937 quarn
791 870 909 920 nostrae
927 858 1061 934 ominari,
1080 878 1179 936 neque

135 966 235 1015 tamen
250 955 288 1013 de
302 964 411 1025 nostra,
423 951 477 1010 sed
490 952 528 1010 de
543 949 626 1010 omni
644 969 676 1009 re
689 950 810 1026 publica
823 949 996 1028 disputo-,
1010 949 1112 1009 danda
1129 949 1183 1009 erit

131 1065 222 1123 opera
236 1056 269 1106 ut
283 1065 388 1106 omnes
402 1044 584 1123 intellegant,
600 1046 625 1106 si
639 1046 712 1107 salvi
733 1067 798 1108 esse
815 1047 916 1120 velint,
931 1046 1100 1107 necessitati
1116 1067 1181 1108 esse

131 1144 305 1222 parendum.
327 1145 427 1219 Atque
441 1141 531 1202 etiam
546 1161 659 1216 omnes,
669 1143 720 1221 qui
730 1165 792 1205 rem
803 1143 954 1221 publicam
965 1144 1180 1221 gubernabunt,
1197 1172 1225 1207 10

154 1246 202 1322 ff,
219 1278 242 1311 tf,
256 1270 343 1330 mide
381 1239 536 1298 consulere
555 1239 716 1314 debebunt,
736 1250 770 1299 ut
788 1259 890 1299 earum
908 1259 1006 1299 rerum
1026 1239 1115 1316 copia
1133 1239 1179 1313 sit,

131 1321 168 1412 {32
181 1319 347 1412 ξ’,ξῗξῗζᾎῗῃζξ
382 1355 459 1414 quae
474 1347 543 1396 sunt
553 1338 593 1397 ad
603 1337 714 1397 victum
725 1337 916 1398 necessariae
940 1326 1074 1413 Quarum
1085 1339 1180 1416 qualis

131 1421 302 1481 ‘⁰¹‘h01‘001l9‘
383 1434 566 1512 comparatio
606 1434 670 1495 fieri
704 1437 799 1495 soleat
832 1447 863 1496 et
897 1436 1014 1508 debeat,
1043 1455 1104 1495 non
1135 1448 1180 1495 est

131 1550 254 1592 necesse
275 1529 425 1608 disputare
430 1552 440 1605 3
460 1542 506 1593 est
526 1531 608 1593 enim
629 1531 659 1591 in
680 1543 836 1610 promptu:
858 1543 974 1592 tanturn
990 1533 1074 1591 locus
1094 1530 1180 1591 attin·

130 1630 244 1708 gendus
258 1628 320 1688 fuit
1194 1654 1221 1701 ¹⁵

155 1763 198 1814 ab.
216 1771 239 1804 to
252 1763 279 1804 be
298 1763 343 1804 sm
449 1744 494 1804 75.
538 1728 637 1804 Caput
651 1737 749 1787 autem
764 1739 809 1787 est
822 1726 853 1786 in
873 1725 956 1787 omni
974 1723 1179 1803 procuratione

129 1813 343 1874 subeuntum·
382 1824 493 1901 negotii
513 1834 542 1884 et
561 1823 691 1885 muneris
704 1824 824 1902 publici,
840 1835 874 1884 ut
896 1823 1034 1884 avaritiae
1054 1825 1180 1900 pellatur

131 1865 200 1956 glcion
215 1864 241 1905 os
254 1878 343 1908 avance.

131 1914 344 2008 Tssgglffie⁰gfiugffg·
383 1919 473 1979 etiam
499 1919 623 1980 minima
650 1920 788 1998 suspicio.
828 1920 986 1982 ‘Utinam'
1018 1918 1115 1995 inquit
1142 1919 1178 1980 C.

384 2016 509 2078 Pontius
532 2016 648 2078 Samnis
675 2019 730 2077 ‘ad
754 2017 804 2078 illa
828 2029 962 2094 tempora
986 2036 1035 2077 me
1062 2018 1179 2076 fortuna

127 2118 333 2183 reservavisset
353 2127 384 2177 et
400 2127 465 2177 turn
485 2135 581 2176 essem
600 2125 695 2183 uatus,
713 2117 835 2192 quando
854 2117 983 2177 Romani
1001 2118 1081 2177 dona
1101 2118 1175 2178 acci·
1191 2150 1223 2184 20

128 2238 198 2296 pere
212 2215 380 2292 coepissent
392 2217 399 2274 1
426 2232 489 2273 non
503 2231 599 2272 essem
613 2231 717 2288 passus
732 2212 842 2273 diutius
857 2232 908 2273 eos
922 2212 1085 2291 imperare!
1126 2216 1156 2274 N
1158 2233 1175 2274 e

128 2314 169 2376 illi
184 2315 277 2373 multa
291 2311 409 2371 saecula
426 2308 609 2385 expectanda
626 2310 743 2368 suerunt
751 2331 761 2384 3
782 2310 874 2368 modo
891 2309 970 2369 enim
988 2311 1045 2369 hoc
1062 2312 1175 2370 malum

127 2411 159 2470 in
172 2412 250 2469 hanc
263 2427 325 2469 rem
338 2403 488 2483 publicam
502 2403 616 2464 invasit
653 2406 760 2481 Itaque
776 2404 862 2465 facile
880 2406 977 2483 patior
993 2417 1058 2466 tum
1075 2406 1174 2484 potius

131 2510 271 2570 Pontium
291 2509 389 2583 fuisse,
405 2509 430 2570 si
451 2510 573 2587 quidem
595 2509 625 2570 in
646 2509 698 2571 illo
719 2521 835 2571 tantum
857 2509 910 2570 fuit
931 2509 1052 2570 roboris.
1095 2510 1178 2568 Non·

129 2606 202 2665 dum
221 2616 341 2666 centum
361 2617 391 2666 et
410 2608 516 2666 decern
535 2605 606 2666 anni
625 2617 702 2681 sunt,
718 2627 787 2667 cum
802 2609 840 2667 de
856 2606 990 2684 pecuniis
1005 2604 1177 2683 repetundis
1190 2631 1220 2679 2⁵

156 2750 294 2799 mmmm.
302 2749 341 2791 ffl-
380 2722 398 2761 a
412 2704 445 2762 L.
463 2702 571 2765 Pisone
585 2705 644 2764 lata
657 2706 706 2764 lex
720 2715 772 2778 est,
790 2706 870 2764 nulla
880 2714 968 2764 antea
981 2722 1051 2762 cum
1064 2701 1176 2761 suisset.

129 2801 342 2901 {ggeedseegoeffatffi
379 2803 421 2860 At
440 2819 510 2862 vero
529 2811 633 2878 postea
653 2811 698 2860 tot
718 2802 798 2877 leges
817 2812 847 2860 et
870 2819 1016 2878 proxuma
1041 2815 1177 2874 quaeque

129 2902 343 2993 302232‘323223313:
381 2897 522 2972 duriores,
538 2908 584 2958 tot
603 2897 655 2972 rei,
671 2909 715 2958 tot
737 2898 880 2972 damnati,
902 2909 1017 2956 tantum
1039 2896 1176 2955 Italicum

129 3000 203 3052 ineos
215 3001 339 3075 G0Yern0rs·
380 2998 491 3057 bellum
518 3008 637 3074 propter
664 2996 840 3056 iudiciorum
868 3008 981 3056 metum
1006 2995 1175 3068 excitatum,

129 3065 153 3092 so
174 3053 300 3093 destructive
321 3052 346 3093 oi

129 3115 143 3143 a
153 3101 218 3145 State
383 3103 467 3153 tanta
485 3090 608 3152 sublatis
623 3091 737 3169 legibus
756 3104 785 3151 et
799 3091 915 3152 iudiciis
929 3091 1068 3169 expilatio
1083 3088 1175 3170 direp
1188 3117 1220 3166 30

379 3189 482 3266 tioque
506 3189 663 3265 sociorum,
686 3202 718 3250 ut
742 3189 932 3251 inbecillitate
957 3189 1089 3263 aliorum,
1113 3210 1175 3252 non

33 3292 114 3342 xxti
129 3286 344 3390 plgffffifflffi·
380 3297 482 3347 nostra
494 3285 601 3348 virtute
614 3289 771 3348 valeamus.
804 3290 850 3362 76.
874 3288 989 3347 Laudat
1003 3288 1175 3349 Africanum

378 3382 545 3458 Panaetius,
563 3387 645 3460 quod
668 3384 754 3446 fuerit
776 3383 934 3445 abstinens.
979 3385 1093 3459 Quidni
1114 3388 1175 3447 lau·

178 3525 192 3574 7
213 3510 281 3560 malo
297 3513 364 3561 euim
379 3511 445 3561 codd.
465 3512 533 3561 malo
552 3511 619 3561 enim
636 3512 679 3562 alii
692 3513 735 3563 Ba
752 3528 784 3561 ex
801 3527 852 3561 uno
865 3512 954 3561 codice:
969 3512 1036 3560 malo
1055 3513 1122 3562 enim
1140 3514 1175 3563 ito

126 3591 300 3642 Heineeconi.
339 3595 350 3652 ΙΙ
384 3593 400 3642 8
417 3601 513 3643 tautum
528 3593 571 3652 Or,
589 3593 669 3657 ‘quod
670 3600 816 3657 perversum
826 3599 868 3650 est,
878 3608 933 3641 cum
944 3592 987 3640 hoc
998 3592 1078 3655 psum
1093 3594 1175 3644 Cicero

126 3687 209 3722 cavere
222 3672 287 3734 velit,
304 3689 334 3723 ne
356 3673 447 3723 desua
465 3674 586 3736 republica
607 3674 684 3723 dicere
700 3681 820 3738 putam:
841 3675 949 3738 desputa!
968 3673 1035 3721 enim
1056 3673 1085 3723 de
1104 3677 1178 3725 omni

127 3751 258 3816 rspublica’
279 3753 329 3814 Sa·
355 3761 439 3804 tamen
454 3755 518 3805 codd.
560 3757 571 3812 ll
618 3769 646 3804 ra
663 3755 800 3804 advictum
815 3756 857 3805 Ba
872 3754 953 3804 Helm
967 3769 999 3802 ex
1013 3754 1092 3803 Bem.
1108 3771 1129 3805 c.
1141 3765 1172 3820 p,

108 3829 488 3904 aafflammpkntquscoaa
525 3840 538 3899 l
574 3837 607 3890 28
624 3837 744 3891 Italicum
754 3837 801 3890 del.
814 3837 893 3896 Bake.
905 3834 958 3886 sat.
969 3835 1010 3884 Bo
1027 3834 1075 3882 Mu
