2580 4184
133 167 172 238 46
374 169 424 227 De
441 169 532 226 altera
544 176 634 246 parte
650 171 756 229 Decori
773 188 846 246 quac
864 171 907 228 ad
962 165 990 250 [Ι
1005 187 1108 230 xxxrv
1125 187 1180 249 125
1231 218 1247 241 ,

133 332 285 433 {iffossiii}¹¹ss'
294 346 349 425 51³3
386 335 492 397 dicere.
549 339 604 397 Est
624 336 710 414 igitur
729 337 879 414 proprium
903 356 1010 397 munus
1037 337 1187 415 magistra·

132 433 250 492 ‘abactio
293 434 347 475 τὼ·
385 442 432 492 tus
453 432 621 510 intellegere
642 452 674 493 se
694 453 794 510 gerere
813 453 970 511 personam
990 433 1116 495 civitatis
1137 437 1187 496 de-

133 493 194 524 [lons.

133 534 263 610 bereque
283 533 346 595 eius
367 533 539 612 dignitatem
560 546 590 594 et
611 535 702 594 decus
723 532 874 607 sustinere,
889 553 1002 596 servare
1019 536 1107 611 leges,
1123 533 1187 594 iura

133 629 300 703 discribere,
315 650 351 690 ea
363 629 434 690 fidei
448 649 517 689 suae
531 627 690 688 commissa
703 627 878 688 meminisse.
922 629 1070 689 Privatum
1085 641 1185 690 autem

133 738 250 803 oportet
276 746 373 804 aequo
401 737 432 787 et
461 725 524 803 pari
551 744 620 784 cum
647 723 761 785 civibus
781 723 842 785 iure
862 723 968 798 vivere,
990 745 1088 802 neque
1109 745 1185 786 sum-
1214 745 1228 793 5

132 823 254 882 missurn
275 834 305 884 et
325 823 472 883 abiectum
493 841 591 899 neque
612 840 643 881 se
664 821 843 894 efferentem,
865 832 929 881 tum
949 821 981 881 in
1007 841 1038 882 re
1065 822 1185 899 publica

132 939 169 980 ea
181 921 256 979 velle
271 939 347 996 quae
368 917 524 995 tranquilla
544 928 574 977 et
594 918 720 976 honesta
740 915 815 977 sint:
843 918 932 976 talem
952 916 1033 977 enirn
1054 919 1184 978 solemus

132 1026 163 1075 et
183 1014 290 1075 sentire
310 1017 424 1075 bonum
451 1014 544 1074 civem
573 1022 603 1073 et
630 1012 735 1072 dicere.
801 1029 866 1089 1²5·
911 1012 1058 1090 Peregrini
1085 1013 1184 1075 autem

132 1123 222 1188 atque
243 1111 358 1171 incolae
379 1110 507 1171 officium
529 1121 573 1170 est
593 1109 667 1169 nihil
687 1120 802 1187 praeter
822 1129 907 1169 suum
922 1110 1073 1188 negotium
1087 1131 1182 1189 agere,

133 1207 205 1267 nihil
227 1208 265 1268 de
285 1207 343 1267 alio
364 1206 517 1284 anquirere
538 1206 719 1284 minimeque
739 1226 804 1268 esse
824 1206 856 1266 in
883 1206 980 1268 aliena
1005 1228 1037 1269 re
1063 1209 1184 1286 publica
1198 1234 1227 1269 ιο

132 1305 288 1365 curiosum.
345 1307 393 1364 Ita
419 1307 479 1365 fere
503 1304 600 1365 officia
619 1304 806 1382 reperientur,
827 1323 896 1363 cum
917 1317 1073 1381 quaeretur
1109 1307 1184 1383 quid

133 1403 238 1463 deceat
251 1414 282 1463 et
296 1402 369 1480 quid
383 1413 484 1479 aptum
498 1402 535 1463 sit
548 1402 690 1480 personis
705 1402 896 1479 temporibus,
911 1403 1062 1464 aetatibus.
1099 1404 1183 1466 Nihil

132 1510 177 1560 est
190 1510 289 1561 autem
304 1502 387 1577 quod
405 1513 465 1561 tam
487 1502 591 1561 deceat
616 1520 706 1577 quam
719 1499 750 1560 in
765 1498 847 1561 omni
860 1519 892 1560 re
905 1503 1035 1579 gerenda
1047 1502 1184 1563 consilio

132 1614 191 1673 que
205 1595 351 1673 capiendo
366 1615 479 1658 servare
493 1596 697 1658 constantiam

15 1697 119 1747 XXXV
446 1695 511 1754 126.
554 1694 613 1754 Sed
627 1692 769 1770 quoniam
783 1695 925 1756 decomm
945 1695 1020 1756 illud
1039 1695 1071 1756 in
1090 1696 1183 1758 omni-
1198 1717 1226 1766 15

131 1775 347 1876 bleffilnssessuffffj
383 1789 438 1850 bus
458 1788 542 1850 sactis
573 1788 668 1863 dictis,
689 1789 721 1850 in
741 1791 871 1868 corporis
892 1791 1021 1870 denique
1041 1803 1125 1852 motu
1152 1804 1183 1853 et

130 1872 209 1918 “⁰⁰⁰⁶
222 1877 298 1919 ⁵⁰¹²&
308 1877 345 1919 ‘¹⁶'
383 1897 459 1945 statu
473 1884 602 1946 cernitur
623 1884 715 1964 idque
728 1887 857 1964 positum
874 1898 919 1949 est
935 1887 966 1949 in
980 1888 1071 1950 tribus
1085 1890 1181 1964 rebus,

130 1941 207 1969 COl'Ussl.

359 2058 361 2063 Α
381 1981 570 2058 formositate,
592 1983 704 2059 ordine,
727 1997 831 2046 ornatu
861 1987 902 2047 ad
929 1985 1077 2048 actionem
1101 1999 1181 2065 apto,

131 2085 297 2148 difficilibus
311 2087 351 2148 ad
364 2088 660 2164 eloquendum-sed
670 2087 739 2149 satis
750 2087 804 2148 erit
812 2087 1071 2168 intellegi—,inhis
1081 2101 1182 2151 autem

130 2182 223 2244 tribus
243 2183 411 2244 continetur
429 2203 500 2244 cura
520 2184 609 2246 etiam
629 2185 688 2260 illa,
709 2196 742 2247 ut
762 2187 921 2264 probemur
941 2187 977 2248 iis
1004 2188 1182 2265 quibuscum
1195 2209 1226 2243 20

130 2280 211 2355 apud
232 2299 366 2357 quosque
385 2279 526 2353 vivamus,
548 2281 594 2342 his
615 2301 735 2360 quoque
756 2284 794 2343 de
815 2283 901 2344 rebus
921 2303 1017 2361 pauca
1037 2284 1180 2347 dicantur.

131 2376 279 2453 Principio
296 2376 425 2453 corporis
444 2378 535 2438 nostri
551 2398 688 2456 magnam
709 2391 813 2439 natura
832 2379 896 2458 ipsa
908 2381 1024 2442 videtur
1043 2381 1182 2444 habuisse

129 2471 283 2545 rationem,
306 2491 381 2549 quae
402 2475 527 2535 formam
547 2487 677 2536 nostram
696 2476 899 2555 reliquamque
918 2480 1049 2556 figuram,
1069 2478 1100 2539 in
1122 2499 1182 2557 qua

154 2614 207 2666 (Ba)
237 2615 299 2666 ΒΜ
323 2615 349 2657 os
383 2581 461 2630 esset
487 2569 600 2648 species
620 2573 753 2646 honesta,
775 2592 841 2632 eam
861 2573 960 2650 posuit
979 2572 1011 2632 in
1030 2586 1180 2653 promptu,

130 2666 346 2758 mffigfggtipppgrflffi
383 2687 460 2745 quae
487 2680 583 2746 partes
610 2680 710 2730 autem
730 2670 861 2747 corporis
881 2672 921 2732 ad
941 2684 1061 2733 naturae
1081 2691 1222 2741 neces-25

130 2730 345 2868 ffitgggtfflsss
383 2766 498 2827 sitatem
520 2768 606 2828 datae
626 2779 779 2845 aspectum
799 2781 898 2831 essent
918 2772 1081 2831 deformem
1100 2770 1182 2832 habi-

384 2875 465 2926 turae
483 2875 571 2942 atque
583 2868 712 2939 foedum,
727 2885 777 2928 eas
797 2866 927 2928 contexit
947 2878 1036 2945 atque
1054 2867 1177 2928 abdidit

134 2976 198 3034 127.
243 2961 333 3018 Hanc
353 2970 473 3020 naturae
487 2971 548 3020 tam
563 2960 734 3039 diligentem
747 2962 888 3022 fabricam
902 2962 1015 3023 imitata
1028 2973 1072 3023 est
1086 2962 1181 3023 homi·

130 3074 203 3115 num
216 3057 401 3118 verecundia
444 3059 528 3134 Quae
543 3058 622 3119 enim
643 3070 748 3119 natura
767 3060 933 3135 occultavit,
948 3061 1054 3122 eadem
1075 3079 1188 3131 omnes,

129 3153 182 3231 qui
212 3173 285 3215 sana
312 3166 412 3215 mente
439 3167 515 3231 sunt,
533 3166 686 3217 removent
705 3158 743 3218 ab
764 3157 867 3232 oculis,
877 3157 992 3236 ipsique
1012 3155 1180 3217 necessitati
1192 3175 1222 3225 30

130 3253 202 3312 dant
216 3271 336 3330 operam
350 3263 383 3313 ut
397 3271 486 3329 quam
497 3253 694 3315 occultissime
704 3265 826 3333 pareant
834 3278 844 3333 ;
858 3274 1041 3333 quarumque
1052 3253 1178 3332 partium

74 3408 80 3419 ,
129 3349 259 3426 corporis
279 3368 349 3408 usus
369 3359 438 3408 sunt
458 3349 622 3424 necessarii,
644 3370 695 3411 eas
715 3370 812 3429 neque
831 3363 929 3429 partes
952 3371 1050 3430 neque
1077 3372 1179 3414 earum

129 3464 200 3506 usus
214 3445 273 3506 suis
292 3444 461 3506 nominibus
479 3449 636 3524 appellant,
666 3449 807 3526 quodque
825 3450 920 3510 facere
938 3460 1022 3528 turpe
1041 3469 1103 3512 non
1123 3463 1177 3526 est,

129 3543 221 3604 modo
247 3544 373 3617 occulte,
400 3541 433 3602 id
460 3543 558 3604 dicere
585 3545 746 3606 obscenum
774 3557 826 3607 est
883 3549 990 3624 Itaque
1016 3566 1073 3607 nec
1100 3547 1178 3608 actio

158 3675 220 3718 ,21oe
229 3677 341 3729 reasontng
377 3659 474 3700 rerum
494 3641 609 3701 illarum
629 3654 729 3727 aperta
748 3644 911 3721 petulantia
928 3656 1013 3706 vacat
1036 3667 1093 3709 nec
1116 3667 1178 3711 ora·
1190 3675 1220 3726 35

133 3727 341 3827 §stoic‘lgng’gg‘ssg
378 3731 467 3792 tionis
481 3733 655 3795 obscenitas.
701 3738 765 3796 128.
789 3737 857 3797 Nec
868 3756 939 3798 vero
952 3737 1094 3799 audiendi
1108 3753 1177 3802 sunt

121 3826 331 3878 ”wewam
374 3827 488 3908 Cynici,
504 3841 558 3894 aut
577 3829 602 3894 si
623 3830 676 3913 qui
696 3833 817 3897 fuerunt
835 3832 930 3898 Stoici
947 3853 1047 3914 paene
1064 3836 1184 3914 Cynici,
