2580 4184
132 174 170 232 26
408 177 494 236 Verae
501 175 688 251 smuuatzb
707 177 783 239 ratt‘o
801 185 916 240 extem
1040 175 1069 260 [Ι
1084 196 1130 240 xx
1144 181 1183 253 67

130 341 226 415 utiles,
240 342 295 403 sed
314 339 370 425 [ut]
387 347 577 408 vehementer
597 349 703 409 arduas
721 350 884 427 plenasque
902 349 1038 410 laborum
1059 361 1090 410 et
1109 349 1183 427 peri-

130 439 266 498 culorum
278 459 348 500 cum
367 441 453 516 vitae,
469 454 533 503 tum
550 447 708 504 multarum
724 464 831 518 rerum,
845 463 922 522 quae
938 444 1081 505 advitam
1097 445 1184 524 perti·

144 574 346 625 ,mmm
383 549 462 598 nent.
506 542 553 613 67.
586 542 704 600 Harum
718 560 815 600 rerum
829 541 955 601 duarum
968 541 1108 618 splendor
1121 561 1184 603 om·

131 625 345 716 ffisshssffis‘ffi’g
383 633 437 707 nis,
452 635 625 712 amplitudo,
641 637 721 696 addo
738 635 827 698 etiam
848 634 1013 710 utilitatem,
1035 635 1067 696 in
1079 648 1183 722 poste

131 726 345 818 ffigffigiffi
381 729 457 791 tiore
475 744 528 806 est,
546 752 635 792 causa
652 744 753 793 autem
773 746 803 793 et
823 732 898 792 ratio
911 731 1042 794 efficiens
1055 752 1180 812 magnos
1210 751 1224 800 5

131 826 342 877 ⁰²⁰⁸0⁰f⁸¹021⁰⁶⁵2
381 828 459 890 viros
486 829 518 891 in
544 829 648 907 priore.
691 831 729 890 In
756 849 794 890 eo
820 839 865 890 est
892 828 973 889 enim
993 829 1076 903 illud,
1098 830 1182 906 quod

131 928 308 987 excellentes
321 925 436 986 animos
457 937 486 987 et
503 926 634 986 humana
650 936 876 986 contemnentes
894 925 970 986 facit
1021 927 1060 986 Id
1080 938 1181 987 autem

72 1019 77 1029 ’
153 1070 344 1113 Itconsimimo
381 1022 479 1099 ipsum
492 1022 620 1082 cernitur
640 1021 671 1081 in
691 1022 817 1095 duobus,
833 1020 858 1082 si
878 1032 908 1082 et
928 1024 1025 1083 solum
1038 1022 1079 1095 id,
1094 1025 1179 1099 quod

130 1122 305 1213 affiticpffrtsssed
320 1171 345 1214 ht
381 1121 540 1180 honestum
561 1119 606 1193 sit,
621 1119 735 1180 bonum
749 1119 862 1180 iudices
882 1130 912 1180 et
928 1121 966 1181 ab
985 1119 1068 1181 omni
1085 1119 1178 1180 animi

130 1185 345 1323 iesspitpeafjgpyffiga}
381 1217 599 1294 perturbatione
613 1214 687 1277 liber
700 1214 747 1278 sis.
790 1217 870 1276 Nam
883 1227 914 1276 et
927 1234 971 1289 ea,
983 1234 1059 1293 quae
1073 1215 1180 1276 eximia
1196 1234 1224 1268 10

130 1321 184 1413 sfgr-n
196 1322 230 1412 ll
241 1322 345 1463 3233?ss
381 1312 527 1391 plerisque
554 1323 585 1374 et
610 1314 759 1391 praeclara
785 1312 930 1387 videntur,
955 1333 1044 1390 parva
1070 1315 1179 1376 ducere

130 1422 254 1524 331¹&ssss
261 1436 343 1524 3035
380 1427 475 1484 eaque
495 1408 608 1468 ratione
621 1408 718 1469 stabili
732 1409 874 1486 firmaque
888 1420 1078 1500 contemnere
1096 1411 1179 1472 fortis
1217 1430 1222 1443 ·

129 1521 348 1584 ntajntneperpemu
380 1506 472 1566 animi
506 1507 664 1585 magnique
698 1507 870 1568 ducendum
897 1519 950 1581 est,
978 1520 1008 1568 et
1031 1526 1075 1580 ea,
1100 1526 1178 1585 quae

128 1573 344 1672 ς’ὼῖἷέιξέῗᾞὴειᾞῖ
381 1603 518 1664 videntur
537 1604 652 1677 acerba,
672 1623 749 1680 quae
769 1605 863 1663 multa
883 1615 913 1663 et
932 1603 1012 1662 varia
1032 1602 1063 1662 in
1084 1602 1178 1663 homi·

94 1715 95 1718 ’
128 1636 307 1764 ἕξᾛᾶιὲιὲξὲἓ
321 1681 346 1764 ii
381 1721 454 1774 num
466 1700 527 1761 vita
540 1703 715 1777 fortunaque
729 1712 888 1774 versantur,
903 1701 944 1761 ita
964 1703 1038 1762 ferre
1056 1712 1089 1769 ut
1103 1701 1177 1773 nihil
1193 1728 1220 1778 15

128 1773 238 1863 diffie
256 1773 342 1864 {llll
379 1818 398 1858 a
417 1810 495 1858 statu
515 1809 636 1858 naturae
657 1798 801 1871 discedas,
823 1797 896 1857 nihil
919 1817 938 1857 a
964 1797 1107 1875 dignitate
1134 1817 1178 1858 sa·

127 1873 344 1964 ξξῗςζῃᾟῖἷηξξζῗζῗ
379 1896 494 1973 pientis,
509 1895 622 1956 robusti
632 1894 723 1955 animi
733 1907 778 1956 est
788 1915 972 1974 magnaeque
983 1895 1174 1958 constantiae.

127 1972 192 2064 ἓξὲξ,
205 1973 340 2073 ,fflyffi
378 1996 425 2053 68.
449 1994 519 2053 Non
529 2002 572 2052 est
581 2003 681 2051 autem
695 2002 936 2065 consentaneum,
951 1991 1003 2069 qui
1017 2004 1099 2052 metu
1114 2012 1176 2054 non

126 2073 258 2166 {ffiffi
268 2074 291 2115 ³¹¹
304 2075 340 2115 ¹¹¹⁶
378 2094 532 2168 frangatur,
560 2108 631 2150 eum
657 2087 750 2166 frangi
776 2087 946 2165 cupiditate,
967 2108 1032 2161 nec,
1061 2088 1177 2166 quiin-

376 2186 488 2246 victum
502 2206 533 2247 se
547 2206 565 2245 a
578 2186 679 2245 labore
692 2184 875 2261 praestiterit,
888 2184 967 2244 vinci
981 2187 1172 2263 avoluptate.
1189 2216 1220 2251 20

126 2282 226 2357 Quam
240 2283 356 2344 obrem
370 2295 400 2344 et
413 2284 488 2342 haec
500 2281 630 2341 videnda
643 2292 673 2342 et
686 2281 830 2358 pecuniae
850 2281 990 2359 fugienda
1009 2283 1175 2361 cupiditas:

125 2378 198 2439 nihil
218 2379 299 2440 enirn
319 2390 364 2440 est
385 2390 446 2438 tam
466 2377 582 2455 angusti
602 2377 693 2436 animi
714 2389 834 2453 tamque
854 2376 936 2454 parvi
955 2397 1046 2455 quam
1073 2399 1174 2441 amare

124 2473 249 2550 divitias,
277 2474 351 2535 nihil
377 2474 529 2535 honestius
563 2472 857 2550 magnificentiusque
891 2492 981 2550 quam
1014 2476 1173 2553 pecuniam

123 2582 322 2646 contemnere,
338 2571 363 2632 si
383 2590 444 2631 non
458 2571 585 2643 habeas3
606 2569 630 2630 si
644 2571 762 2642 habeas,
777 2571 817 2629 ad
832 2569 1058 2632 beneficentiam
1071 2571 1174 2634 libera-

122 2667 295 2744 litatemque
308 2669 448 2728 conferre.
492 2667 634 2727 Cavenda
652 2676 697 2726 est
718 2665 807 2726 etiam
827 2666 936 2744 gloriae
955 2667 1110 2743 cupiditas,
1138 2680 1172 2730 ut
1185 2697 1215 2747 ²5

123 2782 211 2840 supra
238 2763 316 2840 dixi;
343 2763 427 2841 eripit
446 2762 526 2823 enim
546 2762 719 2834 libertatern,
741 2781 795 2838 pro
816 2781 875 2838 qua
895 2763 1089 2840 magnanimis
1102 2764 1171 2825 viris

122 2859 219 2920 omnis
238 2860 328 2921 debet
346 2879 410 2921 esse
430 2859 590 2919 contentio.
632 2861 699 2919 Nec
716 2878 786 2918 vero
806 2858 929 2935 imperia
947 2861 1114 2937 expetenda
1134 2881 1171 2922 ac

121 2955 220 3032 potius
240 2968 290 3017 aut
307 2976 369 3017 non
388 2956 563 3032 accipienda
577 2954 727 3016 interdum
744 2966 795 3015 aut
813 2955 992 3032 deponenda
1008 2975 1070 3016 non
1086 2976 1172 3018 nunr-

122 3072 220 3130 quam.
263 3057 310 3129 69.
339 3053 518 3113 Vacandum
540 3063 641 3113 autem
661 3051 743 3113 omni
763 3062 808 3112 est
828 3050 920 3110 animi
940 3052 1169 3129 perturbat-ione,

121 3167 189 3207 cum
212 3145 373 3222 cupiditate
395 3155 424 3204 et
446 3156 536 3216 metu,
561 3155 625 3204 tum
648 3142 738 3202 etiam
762 3142 944 3219 aegritudine
968 3153 997 3204 et
1018 3145 1170 3220 voluptate
1184 3169 1214 3216 30

122 3242 214 3303 nimia
237 3254 267 3302 et
290 3237 508 3314 iracundia,'ut
532 3238 728 3317 tranquillitas
752 3236 843 3296 animi
868 3248 897 3297 et
922 3238 1064 3298 securitas
1082 3239 1169 3314 adsit,

122 3353 198 3410 quae
218 3334 301 3393 affert
327 3350 397 3391 curn
423 3330 620 3391 constantiam
647 3341 711 3390 tum
737 3329 827 3390 etiam
854 3327 1036 3406 dignitatem.
1079 3331 1169 3392 Multi

121 3450 334 3542 ,pugnauimus
371 3437 472 3487 autern
491 3439 521 3487 et
541 3437 609 3487 sunt
629 3437 659 3487 et
680 3428 806 3497 fuerunt,
827 3424 879 3501 qui
899 3444 966 3485 eam
987 3444 1079 3502 quam
1099 3427 1169 3489 dico

120 3516 162 3543 &lm
202 3512 224 3542 at
236 3515 257 3542 ln
265 3511 333 3542 actlve

89 3603 93 3614 Ι
120 3566 144 3593 2,
156 3553 204 3593 wan
222 3565 246 3593 ,ς
262 3552 284 3593 1„
301 3565 335 3594 re-
371 3524 611 3600 tranquillitatem
629 3534 799 3600 expetentes
817 3542 835 3582 a
853 3522 978 3600 negotiis
996 3523 1122 3600 publicis
1136 3545 1174 3586 se

169 3779 179 3813 1
198 3770 282 3814 tamen
296 3765 333 3814 Sa
348 3771 436 3813 natum
451 3779 482 3813 ex
496 3766 523 3813 tu
557 3767 567 3823 ΙΙ
602 3779 635 3827 30
650 3763 778 3828 voluptate
792 3764 869 3813 animi
883 3764 950 3813 codd.
962 3771 1063 3828 praeter
1072 3779 1162 3825 unum,

103 3844 235 3904 voluptate
243 3845 325 3893 nimia
334 3847 406 3898 Ala:
422 3861 444 3896 ν.
460 3846 530 3896 omni
541 3846 586 3906 Sa,
599 3852 625 3897 oi
636 3845 759 3910 (=omni)
770 3862 827 3896 cum
838 3850 863 3896 ai
874 3845 1005 3909 l=arumil
1017 3845 1112 3908 confuso
