<?xml version="1.0" encoding="UTF-8"?>
<!DOCTYPE html PUBLIC "-//W3C//DTD XHTML 1.0 Transitional//EN"
    "http://www.w3.org/TR/xhtml1/DTD/xhtml1-transitional.dtd">
<html xmlns="http://www.w3.org/1999/xhtml" xml:lang="en" lang="en">
 <head>
  <title>
</title>
<meta http-equiv="Content-Type" content="text/html;charset=utf-8" />
  <meta name='ocr-system' content='tesseract 3.04.00' />
  <meta name='ocr-capabilities' content='ocr_page ocr_carea ocr_par ocr_line ocrx_word'/>
</head>
<body>
  <div class='ocr_page' id='page_1' title='image "./mtvlliciceronis00holdgoog_0170.png"; bbox 0 0 2580 4184; ppageno 0'>
   <div class='ocr_carea' id='block_1_1' title="bbox 1 763 40 814">
    <p class='ocr_par' dir='ltr' id='par_1_1' title="bbox 1 763 40 814">
     <span class='ocr_line' id='line_1_1' title="bbox 1 763 40 814; baseline 0 0"><span class='ocrx_word' id='word_1_1' title='bbox 1 765 2 769; x_wconf 72' lang='grc'>’</span> <span class='ocrx_word' id='word_1_2' title='bbox 17 763 40 814; x_wconf 87' lang='lat' dir='ltr'>X</span> 
     </span>
    </p>
   </div>
   <div class='ocr_carea' id='block_1_2' title="bbox 43 762 82 812">
    <p class='ocr_par' dir='ltr' id='par_1_2' title="bbox 43 762 82 812">
     <span class='ocr_line' id='line_1_2' title="bbox 43 762 82 812; baseline 0 0"><span class='ocrx_word' id='word_1_3' title='bbox 43 762 82 812; x_wconf 94' lang='lat' dir='ltr'><em>VI</em></span> 
     </span>
    </p>
   </div>
   <div class='ocr_carea' id='block_1_3' title="bbox 93 174 1134 262">
    <p class='ocr_par' dir='ltr' id='par_1_3' title="bbox 93 174 1134 262">
     <span class='ocr_line' id='line_1_3' title="bbox 93 174 1134 262; baseline -0.01 -15"><span class='ocrx_word' id='word_1_4' title='bbox 93 204 150 262; x_wconf 82' lang='lat'><em>¹30</em></span> <span class='ocrx_word' id='word_1_5' title='bbox 348 183 400 242; x_wconf 86' lang='lat' dir='ltr'><em>De</em></span> <span class='ocrx_word' id='word_1_6' title='bbox 416 183 582 242; x_wconf 73' lang='lat' dir='ltr'><em>contentione</em></span> <span class='ocrx_word' id='word_1_7' title='bbox 599 180 723 241; x_wconf 77' lang='lat' dir='ltr'><em>Honesti</em></span> <span class='ocrx_word' id='word_1_8' title='bbox 739 187 767 240; x_wconf 86' lang='lat' dir='ltr'><em>et</em></span> <span class='ocrx_word' id='word_1_9' title='bbox 791 179 878 240; x_wconf 78' lang='lat' dir='ltr'><em>Utilis</em></span> <span class='ocrx_word' id='word_1_10' title='bbox 924 174 989 259; x_wconf 82' lang='lat'>[111</span> <span class='ocrx_word' id='word_1_11' title='bbox 1004 193 1081 237; x_wconf 81' lang='lat' dir='ltr'><em>xxvi</em></span> <span class='ocrx_word' id='word_1_12' title='bbox 1097 195 1134 254; x_wconf 86' lang='lat'><em>97</em></span> 
     </span>
    </p>
   </div>
   <div class='ocr_carea' id='block_1_4' title="bbox 92 349 1182 1203">
    <p class='ocr_par' dir='ltr' id='par_1_4' title="bbox 92 349 1140 718">
     <span class='ocr_line' id='line_1_4' title="bbox 92 349 1139 430; baseline -0.004 -14"><span class='ocrx_word' id='word_1_13' title='bbox 92 355 132 417; x_wconf 90' lang='lat' dir='ltr'><em>de</em></span> <span class='ocrx_word' id='word_1_14' title='bbox 152 352 270 428; x_wconf 88' lang='lat' dir='ltr'><em>iustitia,</em></span> <span class='ocrx_word' id='word_1_15' title='bbox 286 371 364 430; x_wconf 91' lang='lat' dir='ltr'><em>quae</em></span> <span class='ocrx_word' id='word_1_16' title='bbox 383 370 500 428; x_wconf 88' lang='lat' dir='ltr'><em>semper</em></span> <span class='ocrx_word' id='word_1_17' title='bbox 520 361 565 411; x_wconf 88' lang='lat' dir='ltr'><em>est</em></span> <span class='ocrx_word' id='word_1_18' title='bbox 584 350 673 424; x_wconf 88' lang='lat' dir='ltr'><em>utilis,</em></span> <span class='ocrx_word' id='word_1_19' title='bbox 692 349 876 428; x_wconf 89' lang='lat' dir='ltr'><em>disputatum</em></span> <span class='ocrx_word' id='word_1_20' title='bbox 896 361 950 412; x_wconf 85' lang='lat' dir='ltr'><em>est</em></span> <span class='ocrx_word' id='word_1_21' title='bbox 992 350 1139 428; x_wconf 86' lang='lat' dir='ltr'><em>Reliquae</em></span> 
     </span>
     <span class='ocr_line' id='line_1_5' title="bbox 92 445 1138 526; baseline -0.005 -15"><span class='ocrx_word' id='word_1_22' title='bbox 92 461 163 512; x_wconf 89' lang='lat' dir='ltr'><em>sunt</em></span> <span class='ocrx_word' id='word_1_23' title='bbox 182 451 261 510; x_wconf 92' lang='lat' dir='ltr'><em>duae</em></span> <span class='ocrx_word' id='word_1_24' title='bbox 281 459 378 526; x_wconf 89' lang='lat' dir='ltr'><em>partes</em></span> <span class='ocrx_word' id='word_1_25' title='bbox 398 447 570 520; x_wconf 86' lang='lat' dir='ltr'><em>honestatis,</em></span> <span class='ocrx_word' id='word_1_26' title='bbox 586 466 712 524; x_wconf 89' lang='lat' dir='ltr'><em>quarum</em></span> <span class='ocrx_word' id='word_1_27' title='bbox 722 449 813 508; x_wconf 90' lang='lat' dir='ltr'><em>altera</em></span> <span class='ocrx_word' id='word_1_28' title='bbox 823 447 853 506; x_wconf 94' lang='lat' dir='ltr'><em>in</em></span> <span class='ocrx_word' id='word_1_29' title='bbox 865 446 956 507; x_wconf 90' lang='lat' dir='ltr'><em>animi</em></span> <span class='ocrx_word' id='word_1_30' title='bbox 967 445 1138 507; x_wconf 89' lang='lat' dir='ltr'><em>excellentis</em></span> 
     </span>
     <span class='ocr_line' id='line_1_6' title="bbox 93 543 1140 623; baseline -0.001 -18"><span class='ocrx_word' id='word_1_31' title='bbox 93 543 298 623; x_wconf 80' lang='lat' dir='ltr'><em>magnitudine</em></span> <span class='ocrx_word' id='word_1_32' title='bbox 326 553 356 604; x_wconf 92' lang='lat' dir='ltr'><em>et</em></span> <span class='ocrx_word' id='word_1_33' title='bbox 382 544 562 621; x_wconf 81' lang='lat' dir='ltr'><em>praestantia</em></span> <span class='ocrx_word' id='word_1_34' title='bbox 581 543 718 617; x_wconf 88' lang='lat' dir='ltr'><em>cernitur,</em></span> <span class='ocrx_word' id='word_1_35' title='bbox 740 546 832 605; x_wconf 88' lang='lat' dir='ltr'><em>altera</em></span> <span class='ocrx_word' id='word_1_36' title='bbox 851 544 884 604; x_wconf 93' lang='lat' dir='ltr'><em>in</em></span> <span class='ocrx_word' id='word_1_37' title='bbox 903 543 1140 604; x_wconf 85' lang='lat' dir='ltr'><em>conformatione</em></span> 
     </span>
     <span class='ocr_line' id='line_1_7' title="bbox 94 639 837 718; baseline -0.004 -14"><span class='ocrx_word' id='word_1_38' title='bbox 94 653 124 704; x_wconf 93' lang='lat' dir='ltr'><em>et</em></span> <span class='ocrx_word' id='word_1_39' title='bbox 138 641 342 703; x_wconf 83' lang='lat' dir='ltr'><em>moderatione</em></span> <span class='ocrx_word' id='word_1_40' title='bbox 356 639 558 701; x_wconf 84' lang='lat' dir='ltr'><em>continentiae</em></span> <span class='ocrx_word' id='word_1_41' title='bbox 572 651 602 701; x_wconf 89' lang='lat' dir='ltr'><em>et</em></span> <span class='ocrx_word' id='word_1_42' title='bbox 616 640 837 718; x_wconf 88' lang='lat' dir='ltr'><em>temperantiae.</em></span> 
     </span>
    </p>

    <p class='ocr_par' dir='ltr' id='par_1_5' title="bbox 95 735 1182 1122">
     <span class='ocr_line' id='line_1_8' title="bbox 405 735 1182 815; baseline 0.004 -17"><span class='ocrx_word' id='word_1_43' title='bbox 405 752 452 813; x_wconf 81' lang='lat'><em>97.</em></span> <span class='ocrx_word' id='word_1_44' title='bbox 482 735 565 798; x_wconf 89' lang='lat' dir='ltr'><em>Utile</em></span> <span class='ocrx_word' id='word_1_45' title='bbox 577 735 735 797; x_wconf 88' lang='lat' dir='ltr'><em>videbatur</em></span> <span class='ocrx_word' id='word_1_46' title='bbox 748 736 839 810; x_wconf 89' lang='lat' dir='ltr'><em>Ulixi,</em></span> <span class='ocrx_word' id='word_1_47' title='bbox 851 748 884 797; x_wconf 91' lang='lat' dir='ltr'><em>ut</em></span> <span class='ocrx_word' id='word_1_48' title='bbox 898 735 1020 815; x_wconf 88' lang='lat' dir='ltr'><em>quidem</em></span> <span class='ocrx_word' id='word_1_49' title='bbox 1033 739 1140 814; x_wconf 68' lang='lat' dir='ltr'><em>potitae</em></span> <span class='ocrx_word' id='word_1_50' title='bbox 1168 753 1182 801; x_wconf 82' lang='lat'>⁵</span> 
     </span>
     <span class='ocr_line' id='line_1_9' title="bbox 95 808 1142 919; baseline -0.011 -15"><span class='ocrx_word' id='word_1_51' title='bbox 95 811 171 904; x_wconf 53' lang='lat' dir='ltr'><em>sarai</em></span> <span class='ocrx_word' id='word_1_52' title='bbox 192 808 306 919; x_wconf 46' lang='lat' dir='ltr'><em>millii?</em></span> <span class='ocrx_word' id='word_1_53' title='bbox 343 834 446 912; x_wconf 86' lang='lat' dir='ltr'><em>tragici</em></span> <span class='ocrx_word' id='word_1_54' title='bbox 459 832 764 912; x_wconf 89' lang='lat' dir='ltr'><em>prodiderunt-nam</em></span> <span class='ocrx_word' id='word_1_55' title='bbox 778 835 860 910; x_wconf 90' lang='lat' dir='ltr'><em>apud</em></span> <span class='ocrx_word' id='word_1_56' title='bbox 874 837 1044 894; x_wconf 88' lang='lat' dir='ltr'><em>Homerum</em></span> <span class='ocrx_word' id='word_1_57' title='bbox 1057 845 1142 911; x_wconf 90' lang='lat' dir='ltr'><em>optu-</em></span> 
     </span>
     <span class='ocr_line' id='line_1_10' title="bbox 95 923 1142 1010; baseline -0.013 -6"><span class='ocrx_word' id='word_1_58' title='bbox 95 923 311 1005; x_wconf 66' lang='lat' dir='ltr'><em>illllflliillli</em></span> <span class='ocrx_word' id='word_1_59' title='bbox 348 953 431 999; x_wconf 86' lang='lat' dir='ltr'><em>mum</em></span> <span class='ocrx_word' id='word_1_60' title='bbox 450 943 601 993; x_wconf 85' lang='lat' dir='ltr'><em>auctorem</em></span> <span class='ocrx_word' id='word_1_61' title='bbox 619 932 685 993; x_wconf 92' lang='lat' dir='ltr'><em>talis</em></span> <span class='ocrx_word' id='word_1_62' title='bbox 703 934 743 993; x_wconf 94' lang='lat' dir='ltr'><em>de</em></span> <span class='ocrx_word' id='word_1_63' title='bbox 762 932 851 994; x_wconf 86' lang='lat' dir='ltr'><em>Ulixe</em></span> <span class='ocrx_word' id='word_1_64' title='bbox 866 933 946 992; x_wconf 89' lang='lat' dir='ltr'><em>nulla</em></span> <span class='ocrx_word' id='word_1_65' title='bbox 960 930 1082 1010; x_wconf 91' lang='lat' dir='ltr'><em>suspitio</em></span> <span class='ocrx_word' id='word_1_66' title='bbox 1096 943 1142 991; x_wconf 92' lang='lat' dir='ltr'><em>est</em></span> 
     </span>
     <span class='ocr_line' id='line_1_11' title="bbox 96 1014 1143 1122; baseline -0.006 -31"><span class='ocrx_word' id='word_1_67' title='bbox 96 1014 303 1122; x_wconf 50' lang='lat' dir='ltr'><strong>ffiufflfiffl</strong></span> <span class='ocrx_word' id='word_1_68' title='bbox 346 1064 395 1103; x_wconf 95' lang='lat'><em>-,</em></span> <span class='ocrx_word' id='word_1_69' title='bbox 410 1031 466 1090; x_wconf 91' lang='lat' dir='ltr'><em>sed</em></span> <span class='ocrx_word' id='word_1_70' title='bbox 485 1027 657 1088; x_wconf 88' lang='lat' dir='ltr'><em>insimulant</em></span> <span class='ocrx_word' id='word_1_71' title='bbox 677 1048 746 1090; x_wconf 90' lang='lat' dir='ltr'><em>eum</em></span> <span class='ocrx_word' id='word_1_72' title='bbox 766 1028 935 1104; x_wconf 85' lang='lat' dir='ltr'><em>tragoediae</em></span> <span class='ocrx_word' id='word_1_73' title='bbox 954 1027 1143 1088; x_wconf 89' lang='lat' dir='ltr'><em>simulatione</em></span> 
     </span>
    </p>

    <p class='ocr_par' dir='ltr' id='par_1_6' title="bbox 121 1125 1142 1203">
     <span class='ocr_line' id='line_1_12' title="bbox 121 1125 1142 1203; baseline -0.004 -15"><span class='ocrx_word' id='word_1_74' title='bbox 121 1147 180 1188; x_wconf 75' lang='lat' dir='ltr'><em>unat</em></span> <span class='ocrx_word' id='word_1_75' title='bbox 216 1145 306 1195; x_wconf 78' lang='lat' dir='ltr'><em>nothing</em></span> <span class='ocrx_word' id='word_1_76' title='bbox 343 1126 476 1188; x_wconf 89' lang='lat' dir='ltr'><em>insaniae</em></span> <span class='ocrx_word' id='word_1_77' title='bbox 504 1125 639 1186; x_wconf 89' lang='lat' dir='ltr'><em>militiam</em></span> <span class='ocrx_word' id='word_1_78' title='bbox 670 1127 871 1203; x_wconf 84' lang='lat' dir='ltr'><em>supterfugere</em></span> <span class='ocrx_word' id='word_1_79' title='bbox 890 1125 1028 1186; x_wconf 87' lang='lat' dir='ltr'><em>voluisse.</em></span> <span class='ocrx_word' id='word_1_80' title='bbox 1070 1126 1142 1185; x_wconf 94' lang='lat' dir='ltr'><em>Non</em></span> 
     </span>
    </p>
   </div>
   <div class='ocr_carea' id='block_1_5' title="bbox 97 1196 1187 1299">
    <p class='ocr_par' dir='ltr' id='par_1_7' title="bbox 97 1196 1187 1299">
     <span class='ocr_line' id='line_1_13' title="bbox 97 1196 1187 1299; baseline -0.01 -10"><span class='ocrx_word' id='word_1_81' title='bbox 97 1196 306 1295; x_wconf 54' lang='lat' dir='ltr'><em>&amp;iscla‘bpllily‘</em></span> <span class='ocrx_word' id='word_1_82' title='bbox 343 1225 503 1284; x_wconf 87' lang='lat' dir='ltr'><em>honestum</em></span> <span class='ocrx_word' id='word_1_83' title='bbox 523 1221 687 1295; x_wconf 89' lang='lat' dir='ltr'><em>consilium,</em></span> <span class='ocrx_word' id='word_1_84' title='bbox 737 1232 768 1281; x_wconf 89' lang='lat' dir='ltr'><em>at</em></span> <span class='ocrx_word' id='word_1_85' title='bbox 806 1220 887 1293; x_wconf 91' lang='lat' dir='ltr'><em>utile,</em></span> <span class='ocrx_word' id='word_1_86' title='bbox 909 1233 943 1281; x_wconf 93' lang='lat' dir='ltr'><em>ut</em></span> <span class='ocrx_word' id='word_1_87' title='bbox 962 1219 1068 1299; x_wconf 90' lang='lat' dir='ltr'><em>aliquis</em></span> <span class='ocrx_word' id='word_1_88' title='bbox 1088 1223 1143 1281; x_wconf 84' lang='lat' dir='ltr'><em>sor·</em></span> <span class='ocrx_word' id='word_1_89' title='bbox 1159 1245 1187 1279; x_wconf 88' lang='grc' dir='ltr'><em>ιο</em></span> 
     </span>
    </p>
   </div>
   <div class='ocr_carea' id='block_1_6' title="bbox 99 1295 1143 1396">
    <p class='ocr_par' dir='ltr' id='par_1_8' title="bbox 99 1295 1143 1396">
     <span class='ocr_line' id='line_1_14' title="bbox 99 1295 1143 1396; baseline -0.011 -7"><span class='ocrx_word' id='word_1_90' title='bbox 99 1295 308 1394; x_wconf 49' lang='lat' dir='ltr'><em>maffridi</em></span> <span class='ocrx_word' id='word_1_91' title='bbox 344 1332 422 1381; x_wconf 89' lang='lat' dir='ltr'><em>tasse</em></span> <span class='ocrx_word' id='word_1_92' title='bbox 443 1318 557 1390; x_wconf 86' lang='lat' dir='ltr'><em>dixerit,</em></span> <span class='ocrx_word' id='word_1_93' title='bbox 593 1338 715 1396; x_wconf 85' lang='lat' dir='ltr'><em>regnare</em></span> <span class='ocrx_word' id='word_1_94' title='bbox 734 1329 765 1380; x_wconf 88' lang='lat' dir='ltr'><em>et</em></span> <span class='ocrx_word' id='word_1_95' title='bbox 787 1320 908 1380; x_wconf 85' lang='lat' dir='ltr'><em>Ithacae</em></span> <span class='ocrx_word' id='word_1_96' title='bbox 928 1319 1026 1381; x_wconf 90' lang='lat' dir='ltr'><em>vivere</em></span> <span class='ocrx_word' id='word_1_97' title='bbox 1047 1317 1143 1379; x_wconf 92' lang='lat' dir='ltr'><em>otiose</em></span> 
     </span>
    </p>
   </div>
   <div class='ocr_carea' id='block_1_7' title="bbox 99 1396 1188 2252">
    <p class='ocr_par' dir='ltr' id='par_1_9' title="bbox 99 1396 1145 1496">
     <span class='ocr_line' id='line_1_15' title="bbox 99 1396 1145 1496; baseline -0.018 -5"><span class='ocrx_word' id='word_1_98' title='bbox 99 1396 307 1496; x_wconf 56' lang='lat' dir='ltr'><em>ii⁰iiihs⁰siifm¹²¹⁶⁸</em></span> <span class='ocrx_word' id='word_1_99' title='bbox 345 1435 413 1476; x_wconf 91' lang='lat' dir='ltr'><em>cum</em></span> <span class='ocrx_word' id='word_1_100' title='bbox 434 1415 613 1493; x_wconf 89' lang='lat' dir='ltr'><em>parentibus,</em></span> <span class='ocrx_word' id='word_1_101' title='bbox 633 1434 703 1474; x_wconf 91' lang='lat' dir='ltr'><em>cum</em></span> <span class='ocrx_word' id='word_1_102' title='bbox 722 1434 822 1488; x_wconf 88' lang='lat' dir='ltr'><em>uxore,</em></span> <span class='ocrx_word' id='word_1_103' title='bbox 837 1434 908 1475; x_wconf 85' lang='lat' dir='ltr'><em>cum</em></span> <span class='ocrx_word' id='word_1_104' title='bbox 928 1415 997 1476; x_wconf 90' lang='lat' dir='ltr'><em>filio.</em></span> <span class='ocrx_word' id='word_1_105' title='bbox 1040 1415 1145 1476; x_wconf 92' lang='lat' dir='ltr'><em>Ullum</em></span> 
     </span>
    </p>

    <p class='ocr_par' dir='ltr' id='par_1_10' title="bbox 99 1511 1188 2076">
     <span class='ocr_line' id='line_1_16' title="bbox 350 1511 1145 1590; baseline -0.003 -16"><span class='ocrx_word' id='word_1_106' title='bbox 350 1525 383 1574; x_wconf 91' lang='lat' dir='ltr'><em>tu</em></span> <span class='ocrx_word' id='word_1_107' title='bbox 397 1515 488 1574; x_wconf 88' lang='lat' dir='ltr'><em>decus</em></span> <span class='ocrx_word' id='word_1_108' title='bbox 502 1512 534 1572; x_wconf 91' lang='lat' dir='ltr'><em>in</em></span> <span class='ocrx_word' id='word_1_109' title='bbox 547 1511 704 1573; x_wconf 90' lang='lat' dir='ltr'><em>cotidianis</em></span> <span class='ocrx_word' id='word_1_110' title='bbox 717 1512 869 1573; x_wconf 88' lang='lat' dir='ltr'><em>laboribus</em></span> <span class='ocrx_word' id='word_1_111' title='bbox 883 1523 912 1573; x_wconf 91' lang='lat' dir='ltr'><em>et</em></span> <span class='ocrx_word' id='word_1_112' title='bbox 925 1512 1062 1590; x_wconf 90' lang='lat' dir='ltr'><em>periculis</em></span> <span class='ocrx_word' id='word_1_113' title='bbox 1075 1532 1145 1572; x_wconf 88' lang='lat' dir='ltr'><em>cum</em></span> 
     </span>
     <span class='ocr_line' id='line_1_17' title="bbox 99 1609 1146 1690; baseline -0.007 -15"><span class='ocrx_word' id='word_1_114' title='bbox 99 1615 157 1675; x_wconf 88' lang='lat' dir='ltr'><em>hac</em></span> <span class='ocrx_word' id='word_1_115' title='bbox 170 1610 381 1690; x_wconf 89' lang='lat' dir='ltr'><em>tranquillitate</em></span> <span class='ocrx_word' id='word_1_116' title='bbox 395 1609 610 1670; x_wconf 86' lang='lat' dir='ltr'><em>conserendum</em></span> <span class='ocrx_word' id='word_1_117' title='bbox 631 1612 740 1685; x_wconf 85' lang='lat' dir='ltr'><em>putas?</em></span> <span class='ocrx_word' id='word_1_118' title='bbox 793 1611 857 1686; x_wconf 92' lang='lat' dir='ltr'><em>Ego</em></span> <span class='ocrx_word' id='word_1_119' title='bbox 878 1629 948 1670; x_wconf 91' lang='lat' dir='ltr'><em>vero</em></span> <span class='ocrx_word' id='word_1_120' title='bbox 969 1611 1056 1670; x_wconf 91' lang='lat' dir='ltr'><em>istam</em></span> <span class='ocrx_word' id='word_1_121' title='bbox 1076 1629 1146 1672; x_wconf 91' lang='lat' dir='ltr'><em>con·</em></span> 
     </span>
     <span class='ocr_line' id='line_1_18' title="bbox 99 1704 1188 1783; baseline -0.008 -11"><span class='ocrx_word' id='word_1_122' title='bbox 99 1709 291 1772; x_wconf 91' lang='lat' dir='ltr'><em>temnendam</em></span> <span class='ocrx_word' id='word_1_123' title='bbox 306 1718 336 1768; x_wconf 90' lang='lat' dir='ltr'><em>et</em></span> <span class='ocrx_word' id='word_1_124' title='bbox 349 1705 546 1779; x_wconf 88' lang='lat' dir='ltr'><em>abiciendam,</em></span> <span class='ocrx_word' id='word_1_125' title='bbox 561 1704 703 1783; x_wconf 90' lang='lat' dir='ltr'><em>quoniam</em></span> <span class='ocrx_word' id='word_1_126' title='bbox 723 1725 801 1782; x_wconf 90' lang='lat' dir='ltr'><em>quae</em></span> <span class='ocrx_word' id='word_1_127' title='bbox 821 1707 948 1766; x_wconf 89' lang='lat' dir='ltr'><em>honesta</em></span> <span class='ocrx_word' id='word_1_128' title='bbox 967 1725 1029 1766; x_wconf 93' lang='lat' dir='ltr'><em>non</em></span> <span class='ocrx_word' id='word_1_129' title='bbox 1049 1704 1087 1766; x_wconf 89' lang='lat' dir='ltr'><em>sit</em></span> <span class='ocrx_word' id='word_1_130' title='bbox 1106 1725 1188 1777; x_wconf 81' lang='lat' dir='ltr'><em>ne15</em></span> 
     </span>
     <span class='ocr_line' id='line_1_19' title="bbox 100 1802 1146 1883; baseline -0.004 -15"><span class='ocrx_word' id='word_1_131' title='bbox 100 1807 203 1868; x_wconf 88' lang='lat' dir='ltr'><em>utilem</em></span> <span class='ocrx_word' id='word_1_132' title='bbox 217 1805 340 1883; x_wconf 90' lang='lat' dir='ltr'><em>quidem</em></span> <span class='ocrx_word' id='word_1_133' title='bbox 355 1822 419 1865; x_wconf 88' lang='lat' dir='ltr'><em>esse</em></span> <span class='ocrx_word' id='word_1_134' title='bbox 433 1802 564 1864; x_wconf 89' lang='lat' dir='ltr'><em>arbitror.</em></span> <span class='ocrx_word' id='word_1_135' title='bbox 608 1805 654 1879; x_wconf 90' lang='lat'><em>98.</em></span> <span class='ocrx_word' id='word_1_136' title='bbox 688 1804 769 1879; x_wconf 90' lang='lat' dir='ltr'><em>Quid</em></span> <span class='ocrx_word' id='word_1_137' title='bbox 783 1802 863 1863; x_wconf 89' lang='lat' dir='ltr'><em>enim</em></span> <span class='ocrx_word' id='word_1_138' title='bbox 877 1803 1047 1864; x_wconf 90' lang='lat' dir='ltr'><em>auditurum</em></span> <span class='ocrx_word' id='word_1_139' title='bbox 1059 1815 1146 1880; x_wconf 88' lang='lat' dir='ltr'><em>putas</em></span> 
     </span>
     <span class='ocr_line' id='line_1_20' title="bbox 100 1899 1146 1977; baseline -0.006 -12"><span class='ocrx_word' id='word_1_140' title='bbox 100 1903 191 1965; x_wconf 85' lang='lat' dir='ltr'><em>fuisse</em></span> <span class='ocrx_word' id='word_1_141' title='bbox 212 1902 340 1975; x_wconf 89' lang='lat' dir='ltr'><em>Ulixem,</em></span> <span class='ocrx_word' id='word_1_142' title='bbox 358 1901 383 1962; x_wconf 92' lang='lat' dir='ltr'><em>si</em></span> <span class='ocrx_word' id='word_1_143' title='bbox 402 1900 434 1961; x_wconf 92' lang='lat' dir='ltr'><em>in</em></span> <span class='ocrx_word' id='word_1_144' title='bbox 454 1899 505 1961; x_wconf 91' lang='lat' dir='ltr'><em>illa</em></span> <span class='ocrx_word' id='word_1_145' title='bbox 525 1899 713 1960; x_wconf 88' lang='lat' dir='ltr'><em>simulatione</em></span> <span class='ocrx_word' id='word_1_146' title='bbox 732 1899 992 1977; x_wconf 82' lang='lat' dir='ltr'><em>perseveravisset?</em></span> <span class='ocrx_word' id='word_1_147' title='bbox 1013 1899 1146 1977; x_wconf 89' lang='lat' dir='ltr'><em>quicum</em></span> 
     </span>
     <span class='ocr_line' id='line_1_21' title="bbox 102 1995 1080 2076; baseline -0.007 -15"><span class='ocrx_word' id='word_1_148' title='bbox 102 1999 245 2061; x_wconf 81' lang='lat' dir='ltr'><em>maximas</em></span> <span class='ocrx_word' id='word_1_149' title='bbox 259 2018 305 2058; x_wconf 90' lang='lat' dir='ltr'><em>res</em></span> <span class='ocrx_word' id='word_1_150' title='bbox 319 1996 441 2076; x_wconf 90' lang='lat' dir='ltr'><em>gesserit</em></span> <span class='ocrx_word' id='word_1_151' title='bbox 454 1996 486 2056; x_wconf 92' lang='lat' dir='ltr'><em>in</em></span> <span class='ocrx_word' id='word_1_152' title='bbox 500 1997 588 2070; x_wconf 92' lang='lat' dir='ltr'><em>bello,</em></span> <span class='ocrx_word' id='word_1_153' title='bbox 604 2007 704 2056; x_wconf 87' lang='lat' dir='ltr'><em>tamen</em></span> <span class='ocrx_word' id='word_1_154' title='bbox 718 1997 793 2056; x_wconf 90' lang='lat' dir='ltr'><em>haec</em></span> <span class='ocrx_word' id='word_1_155' title='bbox 806 1995 908 2056; x_wconf 89' lang='lat' dir='ltr'><em>audiat</em></span> <span class='ocrx_word' id='word_1_156' title='bbox 921 1997 960 2055; x_wconf 86' lang='lat' dir='ltr'><em>ab</em></span> <span class='ocrx_word' id='word_1_157' title='bbox 975 1995 1080 2056; x_wconf 86' lang='lat' dir='ltr'><em>Aiace:</em></span> 
     </span>
    </p>

    <p class='ocr_par' dir='ltr' id='par_1_11' title="bbox 364 2101 904 2168">
     <span class='ocr_line' id='line_1_22' title="bbox 364 2101 904 2168; baseline -0.007 -14"><span class='ocrx_word' id='word_1_158' title='bbox 364 2103 442 2155; x_wconf 84' lang='lat' dir='ltr'><em>Cuius</em></span> <span class='ocrx_word' id='word_1_159' title='bbox 457 2103 508 2168; x_wconf 63' lang='lat' dir='ltr'><em>{pise</em></span> <span class='ocrx_word' id='word_1_160' title='bbox 517 2103 635 2168; x_wconf 78' lang='lat' dir='ltr'><em>princeps</em></span> <span class='ocrx_word' id='word_1_161' title='bbox 650 2101 715 2152; x_wconf 70' lang='lat' dir='ltr'><em>itini</em></span> <span class='ocrx_word' id='word_1_162' title='bbox 724 2101 904 2165; x_wconf 80' lang='lat' dir='ltr'><em>iurandljm&#39;t,</em></span> 
     </span>
    </p>

    <p class='ocr_par' dir='ltr' id='par_1_12' title="bbox 361 2183 904 2252">
     <span class='ocr_line' id='line_1_23' title="bbox 361 2183 904 2252; baseline -0.004 -16"><span class='ocrx_word' id='word_1_163' title='bbox 361 2187 428 2252; x_wconf 81' lang='lat' dir='ltr'><em>quod</em></span> <span class='ocrx_word' id='word_1_164' title='bbox 440 2185 522 2235; x_wconf 81' lang='lat' dir='ltr'><em>dnreees</em></span> <span class='ocrx_word' id='word_1_165' title='bbox 537 2186 609 2245; x_wconf 85' lang='lat' dir='ltr'><em>scitis,</em></span> <span class='ocrx_word' id='word_1_166' title='bbox 627 2183 693 2234; x_wconf 77' lang='lat' dir='ltr'><em>sdlus</em></span> <span class='ocrx_word' id='word_1_167' title='bbox 709 2183 813 2247; x_wconf 72' lang='lat' dir='ltr'><em>neglexit</em></span> <span class='ocrx_word' id='word_1_168' title='bbox 819 2183 904 2246; x_wconf 84' lang='lat' dir='ltr'><em>fidem.</em></span> 
     </span>
    </p>
   </div>
   <div class='ocr_carea' id='block_1_8' title="bbox 353 2263 897 2411">
    <p class='ocr_par' dir='ltr' id='par_1_13' title="bbox 353 2263 897 2411">
     <span class='ocr_line' id='line_1_24' title="bbox 353 2263 879 2332; baseline -0.004 -17"><span class='ocrx_word' id='word_1_169' title='bbox 353 2266 446 2332; x_wconf 82' lang='lat' dir='ltr'><em>furere</em></span> <span class='ocrx_word' id='word_1_170' title='bbox 459 2264 617 2325; x_wconf 67' lang='lat' dir='ltr'><em>adsimulare,</em></span> <span class='ocrx_word' id='word_1_171' title='bbox 637 2263 671 2314; x_wconf 74' lang='lat' dir='ltr'><em>nl</em></span> <span class='ocrx_word' id='word_1_172' title='bbox 682 2265 761 2324; x_wconf 83' lang='lat' dir='ltr'><em>coiret,</em></span> <span class='ocrx_word' id='word_1_173' title='bbox 779 2264 879 2314; x_wconf 79' lang='lat' dir='ltr'><em>{nstitit</em></span> 
     </span>
     <span class='ocr_line' id='line_1_25' title="bbox 361 2343 897 2411; baseline -0.004 -17"><span class='ocrx_word' id='word_1_174' title='bbox 361 2347 428 2411; x_wconf 81' lang='lat' dir='ltr'><em>quod</em></span> <span class='ocrx_word' id='word_1_175' title='bbox 440 2345 471 2396; x_wconf 85' lang='lat' dir='ltr'><em>nl</em></span> <span class='ocrx_word' id='word_1_176' title='bbox 484 2346 614 2395; x_wconf 84' lang='lat' dir='ltr'><em>Palamedi</em></span> <span class='ocrx_word' id='word_1_177' title='bbox 624 2344 752 2409; x_wconf 66' lang='lat' dir='ltr'><em>pospnax</em></span> <span class='ocrx_word' id='word_1_178' title='bbox 762 2343 897 2409; x_wconf 73' lang='lat' dir='ltr'><em>pendlntia</em></span> 
     </span>
    </p>
   </div>
   <div class='ocr_carea' id='block_1_9' title="bbox 105 2418 1192 3071">
    <p class='ocr_par' dir='ltr' id='par_1_14' title="bbox 355 2418 878 2493">
     <span class='ocr_line' id='line_1_26' title="bbox 355 2418 878 2493; baseline -0.01 -15"><span class='ocrx_word' id='word_1_179' title='bbox 355 2418 433 2478; x_wconf 58' lang='lat' dir='ltr'><em>&#39;istius</em></span> <span class='ocrx_word' id='word_1_180' title='bbox 444 2435 570 2493; x_wconf 80' lang='lat' dir='ltr'><em>perspexet</em></span> <span class='ocrx_word' id='word_1_181' title='bbox 579 2425 724 2476; x_wconf 80' lang='lat' dir='ltr'><em>mdlei‘e&#39;osam</em></span> <span class='ocrx_word' id='word_1_182' title='bbox 741 2425 878 2486; x_wconf 76' lang='lat' dir='ltr'><em>auddeiaeee,</em></span> 
     </span>
    </p>

    <p class='ocr_par' dir='ltr' id='par_1_15' title="bbox 105 2508 1192 3071">
     <span class='ocr_line' id='line_1_27' title="bbox 353 2508 830 2576; baseline 0 -17"><span class='ocrx_word' id='word_1_183' title='bbox 353 2509 411 2576; x_wconf 80' lang='lat' dir='ltr'><em>Jldl</em></span> <span class='ocrx_word' id='word_1_184' title='bbox 422 2517 531 2559; x_wconf 84' lang='lat' dir='ltr'><em>sacratae</em></span> <span class='ocrx_word' id='word_1_185' title='bbox 546 2508 586 2558; x_wconf 78' lang='lat' dir='ltr'><em>ios</em></span> <span class='ocrx_word' id='word_1_186' title='bbox 596 2516 712 2573; x_wconf 74' lang='lat' dir='ltr'><em>perpetuo</em></span> <span class='ocrx_word' id='word_1_187' title='bbox 720 2508 830 2572; x_wconf 84' lang='lat' dir='ltr'><em>sdllerel.</em></span> 
     </span>
     <span class='ocr_line' id='line_1_28' title="bbox 106 2604 1192 2689; baseline -0.001 -19"><span class='ocrx_word' id='word_1_188' title='bbox 106 2631 153 2689; x_wconf 87' lang='lat'><em>99.</em></span> <span class='ocrx_word' id='word_1_189' title='bbox 190 2609 238 2669; x_wconf 96' lang='lat' dir='ltr'><em>Illi</em></span> <span class='ocrx_word' id='word_1_190' title='bbox 256 2627 326 2676; x_wconf 86' lang='lat' dir='ltr'><em>vero</em></span> <span class='ocrx_word' id='word_1_191' title='bbox 346 2626 407 2667; x_wconf 95' lang='lat' dir='ltr'><em>non</em></span> <span class='ocrx_word' id='word_1_192' title='bbox 426 2607 518 2666; x_wconf 92' lang='lat' dir='ltr'><em>modo</em></span> <span class='ocrx_word' id='word_1_193' title='bbox 533 2625 602 2665; x_wconf 91' lang='lat' dir='ltr'><em>curn</em></span> <span class='ocrx_word' id='word_1_194' title='bbox 616 2605 761 2678; x_wconf 91' lang='lat' dir='ltr'><em>hostibus,</em></span> <span class='ocrx_word' id='word_1_195' title='bbox 776 2625 878 2665; x_wconf 88' lang='lat' dir='ltr'><em>verum</em></span> <span class='ocrx_word' id='word_1_196' title='bbox 893 2604 983 2666; x_wconf 89' lang='lat' dir='ltr'><em>etiam</em></span> <span class='ocrx_word' id='word_1_197' title='bbox 997 2626 1066 2667; x_wconf 89' lang='lat' dir='ltr'><em>cum</em></span> <span class='ocrx_word' id='word_1_198' title='bbox 1079 2607 1149 2667; x_wconf 89' lang='lat' dir='ltr'><em>fluc-</em></span> <span class='ocrx_word' id='word_1_199' title='bbox 1162 2634 1192 2682; x_wconf 79' lang='lat'><em>25</em></span> 
     </span>
     <span class='ocr_line' id='line_1_29' title="bbox 105 2701 1152 2782; baseline -0.005 -15"><span class='ocrx_word' id='word_1_200' title='bbox 105 2708 193 2780; x_wconf 90' lang='lat' dir='ltr'><em>tibus,</em></span> <span class='ocrx_word' id='word_1_201' title='bbox 205 2705 236 2766; x_wconf 90' lang='lat' dir='ltr'><em>id</em></span> <span class='ocrx_word' id='word_1_202' title='bbox 247 2705 330 2782; x_wconf 91' lang='lat' dir='ltr'><em>quod</em></span> <span class='ocrx_word' id='word_1_203' title='bbox 340 2702 420 2774; x_wconf 88' lang='lat' dir='ltr'><em>fecit,</em></span> <span class='ocrx_word' id='word_1_204' title='bbox 432 2701 572 2762; x_wconf 88' lang='lat' dir='ltr'><em>dimicare</em></span> <span class='ocrx_word' id='word_1_205' title='bbox 583 2702 688 2762; x_wconf 90' lang='lat' dir='ltr'><em>melius</em></span> <span class='ocrx_word' id='word_1_206' title='bbox 699 2701 754 2762; x_wconf 85' lang='lat' dir='ltr'><em>fuit</em></span> <span class='ocrx_word' id='word_1_207' title='bbox 762 2722 853 2778; x_wconf 89' lang='lat' dir='ltr'><em>quam</em></span> <span class='ocrx_word' id='word_1_208' title='bbox 862 2703 997 2764; x_wconf 89' lang='lat' dir='ltr'><em>deserere</em></span> <span class='ocrx_word' id='word_1_209' title='bbox 1005 2703 1152 2764; x_wconf 90' lang='lat' dir='ltr'><em>consenti·</em></span> 
     </span>
     <span class='ocr_line' id='line_1_30' title="bbox 106 2798 1152 2864; baseline -0.004 -1"><span class='ocrx_word' id='word_1_210' title='bbox 106 2815 206 2864; x_wconf 90' lang='lat' dir='ltr'><em>entem</em></span> <span class='ocrx_word' id='word_1_211' title='bbox 228 2800 383 2863; x_wconf 85' lang='lat' dir='ltr'><em>Graeciam</em></span> <span class='ocrx_word' id='word_1_212' title='bbox 404 2800 443 2859; x_wconf 90' lang='lat' dir='ltr'><em>ad</em></span> <span class='ocrx_word' id='word_1_213' title='bbox 467 2799 579 2859; x_wconf 89' lang='lat' dir='ltr'><em>bellum</em></span> <span class='ocrx_word' id='word_1_214' title='bbox 600 2798 729 2859; x_wconf 89' lang='lat' dir='ltr'><em>barbaris</em></span> <span class='ocrx_word' id='word_1_215' title='bbox 751 2799 946 2860; x_wconf 88' lang='lat' dir='ltr'><em>inferendum.</em></span> <span class='ocrx_word' id='word_1_216' title='bbox 990 2800 1048 2861; x_wconf 88' lang='lat' dir='ltr'><em>Sed</em></span> <span class='ocrx_word' id='word_1_217' title='bbox 1067 2799 1152 2860; x_wconf 89' lang='lat' dir='ltr'><em>omit-</em></span> 
     </span>
     <span class='ocr_line' id='line_1_31' title="bbox 105 2896 1152 2992; baseline -0.002 -35"><span class='ocrx_word' id='word_1_218' title='bbox 105 2949 148 2992; x_wconf 60' lang='lat' dir='ltr'><em>and</em></span> <span class='ocrx_word' id='word_1_219' title='bbox 164 2947 190 2990; x_wconf 62' lang='lat' dir='ltr'><em>of</em></span> <span class='ocrx_word' id='word_1_220' title='bbox 208 2957 309 2989; x_wconf 63' lang='lat' dir='ltr'><em>naturus</em></span> <span class='ocrx_word' id='word_1_221' title='bbox 356 2908 451 2956; x_wconf 89' lang='lat' dir='ltr'><em>tamus</em></span> <span class='ocrx_word' id='word_1_222' title='bbox 465 2906 495 2956; x_wconf 94' lang='lat' dir='ltr'><em>et</em></span> <span class='ocrx_word' id='word_1_223' title='bbox 509 2896 623 2955; x_wconf 81' lang='lat' dir='ltr'><em>fabulas</em></span> <span class='ocrx_word' id='word_1_224' title='bbox 637 2907 667 2955; x_wconf 91' lang='lat' dir='ltr'><em>et</em></span> <span class='ocrx_word' id='word_1_225' title='bbox 682 2907 814 2956; x_wconf 87' lang='lat' dir='ltr'><em>externa:</em></span> <span class='ocrx_word' id='word_1_226' title='bbox 835 2897 873 2956; x_wconf 90' lang='lat' dir='ltr'><em>ad</em></span> <span class='ocrx_word' id='word_1_227' title='bbox 887 2915 950 2956; x_wconf 86' lang='lat' dir='ltr'><em>rem</em></span> <span class='ocrx_word' id='word_1_228' title='bbox 964 2897 1072 2956; x_wconf 85' lang='lat' dir='ltr'><em>factam</em></span> <span class='ocrx_word' id='word_1_229' title='bbox 1086 2915 1152 2956; x_wconf 90' lang='lat' dir='ltr'><em>nos·</em></span> 
     </span>
     <span class='ocr_line' id='line_1_32' title="bbox 105 2977 1150 3071; baseline 0.002 -19"><span class='ocrx_word' id='word_1_230' title='bbox 105 3001 154 3041; x_wconf 84' lang='lat' dir='ltr'><em>who</em></span> <span class='ocrx_word' id='word_1_231' title='bbox 166 2998 216 3039; x_wconf 74' lang='lat' dir='ltr'><em>held</em></span> <span class='ocrx_word' id='word_1_232' title='bbox 234 2977 319 3038; x_wconf 62' lang='lat' dir='ltr'><em>naal</em></span> <span class='ocrx_word' id='word_1_233' title='bbox 356 3007 490 3068; x_wconf 87' lang='lat' dir='ltr'><em>tramque</em></span> <span class='ocrx_word' id='word_1_234' title='bbox 516 2991 678 3052; x_wconf 87' lang='lat' dir='ltr'><em>veniamus.</em></span> <span class='ocrx_word' id='word_1_235' title='bbox 722 2995 765 3053; x_wconf 91' lang='lat' dir='ltr'><em>M.</em></span> <span class='ocrx_word' id='word_1_236' title='bbox 787 2993 895 3053; x_wconf 91' lang='lat' dir='ltr'><em>Atilius</em></span> <span class='ocrx_word' id='word_1_237' title='bbox 917 2996 1059 3071; x_wconf 79' lang='lat' dir='ltr'><em>ReguluS,</em></span> <span class='ocrx_word' id='word_1_238' title='bbox 1082 3014 1150 3054; x_wconf 90' lang='lat' dir='ltr'><em>cum</em></span> 
     </span>
    </p>
   </div>
   <div class='ocr_carea' id='block_1_10' title="bbox 106 3047 1276 3169">
    <p class='ocr_par' dir='ltr' id='par_1_16' title="bbox 106 3047 1276 3169">
     <span class='ocr_line' id='line_1_33' title="bbox 106 3047 1276 3169; baseline 0.001 -18"><span class='ocrx_word' id='word_1_239' title='bbox 106 3047 319 3141; x_wconf 57' lang='lat' dir='ltr'><em>iiiidei‘ii‘iiiii</em></span> <span class='ocrx_word' id='word_1_240' title='bbox 356 3091 461 3151; x_wconf 91' lang='lat' dir='ltr'><em>consul</em></span> <span class='ocrx_word' id='word_1_241' title='bbox 481 3089 587 3162; x_wconf 86' lang='lat' dir='ltr'><em>iterum</em></span> <span class='ocrx_word' id='word_1_242' title='bbox 605 3089 637 3150; x_wconf 92' lang='lat' dir='ltr'><em>in</em></span> <span class='ocrx_word' id='word_1_243' title='bbox 655 3089 756 3150; x_wconf 88' lang='lat' dir='ltr'><em>Africa</em></span> <span class='ocrx_word' id='word_1_244' title='bbox 777 3110 814 3152; x_wconf 90' lang='lat' dir='ltr'><em>ex</em></span> <span class='ocrx_word' id='word_1_245' title='bbox 827 3090 941 3151; x_wconf 91' lang='lat' dir='ltr'><em>insidiis</em></span> <span class='ocrx_word' id='word_1_246' title='bbox 955 3104 1060 3169; x_wconf 87' lang='lat' dir='ltr'><em>captus</em></span> <span class='ocrx_word' id='word_1_247' title='bbox 1074 3105 1151 3154; x_wconf 91' lang='lat' dir='ltr'><em>esset</em></span> <span class='ocrx_word' id='word_1_248' title='bbox 1165 3119 1196 3168; x_wconf 80' lang='lat'><em>30</em></span> <span class='ocrx_word' id='word_1_249' title='bbox 1273 3096 1276 3104; x_wconf 90' lang='lat'>&#39;</span> 
     </span>
    </p>
   </div>
   <div class='ocr_carea' id='block_1_11' title="bbox 107 3148 1194 3746">
    <p class='ocr_par' dir='ltr' id='par_1_17' title="bbox 107 3148 1194 3746">
     <span class='ocr_line' id='line_1_34' title="bbox 107 3148 1154 3266; baseline -0.007 -8"><span class='ocrx_word' id='word_1_250' title='bbox 107 3148 318 3259; x_wconf 43' lang='lat' dir='ltr'><em>illidi-liiiio.</em></span> <span class='ocrx_word' id='word_1_251' title='bbox 360 3189 437 3248; x_wconf 89' lang='lat' dir='ltr'><em>duce</em></span> <span class='ocrx_word' id='word_1_252' title='bbox 455 3187 630 3265; x_wconf 90' lang='lat' dir='ltr'><em>Xanthippo</em></span> <span class='ocrx_word' id='word_1_253' title='bbox 649 3188 898 3264; x_wconf 86' lang='lat' dir='ltr'><em>Lacedaemonio,</em></span> <span class='ocrx_word' id='word_1_254' title='bbox 912 3188 1088 3266; x_wconf 89' lang='lat' dir='ltr'><em>imperatore</em></span> <span class='ocrx_word' id='word_1_255' title='bbox 1104 3211 1154 3251; x_wconf 90' lang='lat' dir='ltr'><em>au·</em></span> 
     </span>
     <span class='ocr_line' id='line_1_35' title="bbox 359 3282 1152 3360; baseline 0.003 -17"><span class='ocrx_word' id='word_1_256' title='bbox 359 3294 419 3343; x_wconf 92' lang='lat' dir='ltr'><em>tem</em></span> <span class='ocrx_word' id='word_1_257' title='bbox 433 3294 516 3360; x_wconf 92' lang='lat' dir='ltr'><em>patre</em></span> <span class='ocrx_word' id='word_1_258' title='bbox 531 3282 709 3343; x_wconf 90' lang='lat' dir='ltr'><em>Hannibalis</em></span> <span class='ocrx_word' id='word_1_259' title='bbox 724 3283 905 3358; x_wconf 87' lang='lat' dir='ltr'><em>Hamilcare,</em></span> <span class='ocrx_word' id='word_1_260' title='bbox 920 3283 1030 3345; x_wconf 90' lang='lat' dir='ltr'><em>iuratus</em></span> <span class='ocrx_word' id='word_1_261' title='bbox 1044 3284 1152 3345; x_wconf 90' lang='lat' dir='ltr'><em>missus</em></span> 
     </span>
     <span class='ocr_line' id='line_1_36' title="bbox 109 3380 1151 3459; baseline 0 -15"><span class='ocrx_word' id='word_1_262' title='bbox 109 3395 154 3444; x_wconf 90' lang='lat' dir='ltr'><em>est</em></span> <span class='ocrx_word' id='word_1_263' title='bbox 174 3383 213 3442; x_wconf 93' lang='lat' dir='ltr'><em>ad</em></span> <span class='ocrx_word' id='word_1_264' title='bbox 234 3391 378 3451; x_wconf 90' lang='lat' dir='ltr'><em>senatum,</em></span> <span class='ocrx_word' id='word_1_265' title='bbox 394 3391 435 3452; x_wconf 91' lang='lat' dir='ltr'><em>ut,</em></span> <span class='ocrx_word' id='word_1_266' title='bbox 450 3380 506 3439; x_wconf 93' lang='lat' dir='ltr'><em>nisi</em></span> <span class='ocrx_word' id='word_1_267' title='bbox 526 3380 634 3440; x_wconf 89' lang='lat' dir='ltr'><em>redditi</em></span> <span class='ocrx_word' id='word_1_268' title='bbox 656 3391 755 3440; x_wconf 91' lang='lat' dir='ltr'><em>essent</em></span> <span class='ocrx_word' id='word_1_269' title='bbox 776 3381 885 3441; x_wconf 90' lang='lat' dir='ltr'><em>Poenis</em></span> <span class='ocrx_word' id='word_1_270' title='bbox 906 3381 1015 3459; x_wconf 92' lang='lat' dir='ltr'><em>captivi</em></span> <span class='ocrx_word' id='word_1_271' title='bbox 1036 3382 1151 3444; x_wconf 90' lang='lat' dir='ltr'><em>nobiles</em></span> 
     </span>
     <span class='ocr_line' id='line_1_37' title="bbox 109 3475 1151 3556; baseline 0 -18"><span class='ocrx_word' id='word_1_272' title='bbox 109 3478 239 3556; x_wconf 88' lang='lat' dir='ltr'><em>quidam,</em></span> <span class='ocrx_word' id='word_1_273' title='bbox 254 3476 362 3537; x_wconf 88' lang='lat' dir='ltr'><em>rediret</em></span> <span class='ocrx_word' id='word_1_274' title='bbox 376 3475 439 3552; x_wconf 90' lang='lat' dir='ltr'><em>ipse</em></span> <span class='ocrx_word' id='word_1_275' title='bbox 455 3476 678 3553; x_wconf 87' lang='lat' dir='ltr'><em>Karthaginem.</em></span> <span class='ocrx_word' id='word_1_276' title='bbox 723 3478 843 3537; x_wconf 90' lang='lat' dir='ltr'><em>Iseum</em></span> <span class='ocrx_word' id='word_1_277' title='bbox 864 3481 995 3538; x_wconf 89' lang='lat' dir='ltr'><em>Romam</em></span> <span class='ocrx_word' id='word_1_278' title='bbox 1015 3478 1151 3552; x_wconf 91' lang='lat' dir='ltr'><em>venisset,</em></span> 
     </span>
     <span class='ocr_line' id='line_1_38' title="bbox 108 3572 1194 3654; baseline -0.001 -20"><span class='ocrx_word' id='word_1_279' title='bbox 108 3574 239 3635; x_wconf 90' lang='lat' dir='ltr'><em>utilitatis</em></span> <span class='ocrx_word' id='word_1_280' title='bbox 254 3572 385 3648; x_wconf 89' lang='lat' dir='ltr'><em>speeiem</em></span> <span class='ocrx_word' id='word_1_281' title='bbox 398 3572 527 3646; x_wconf 90' lang='lat' dir='ltr'><em>videbat,</em></span> <span class='ocrx_word' id='word_1_282' title='bbox 543 3573 596 3632; x_wconf 92' lang='lat' dir='ltr'><em>sed</em></span> <span class='ocrx_word' id='word_1_283' title='bbox 615 3591 689 3644; x_wconf 91' lang='lat' dir='ltr'><em>eam,</em></span> <span class='ocrx_word' id='word_1_284' title='bbox 703 3582 736 3631; x_wconf 95' lang='lat' dir='ltr'><em>ut</em></span> <span class='ocrx_word' id='word_1_285' title='bbox 750 3592 796 3632; x_wconf 93' lang='lat' dir='ltr'><em>res</em></span> <span class='ocrx_word' id='word_1_286' title='bbox 811 3575 947 3647; x_wconf 88' lang='lat' dir='ltr'><em>declarat,</em></span> <span class='ocrx_word' id='word_1_287' title='bbox 962 3575 1066 3633; x_wconf 86' lang='lat' dir='ltr'><em>falsam</em></span> <span class='ocrx_word' id='word_1_288' title='bbox 1080 3573 1154 3635; x_wconf 90' lang='lat' dir='ltr'><em>iudi·</em></span> <span class='ocrx_word' id='word_1_289' title='bbox 1165 3606 1194 3654; x_wconf 77' lang='lat'><em>35</em></span> 
     </span>
     <span class='ocr_line' id='line_1_39' title="bbox 108 3668 1152 3746; baseline 0.003 -16"><span class='ocrx_word' id='word_1_290' title='bbox 108 3671 202 3731; x_wconf 87' lang='lat' dir='ltr'><em>cavit:</em></span> <span class='ocrx_word' id='word_1_291' title='bbox 224 3689 300 3746; x_wconf 90' lang='lat' dir='ltr'><em>quae</em></span> <span class='ocrx_word' id='word_1_292' title='bbox 321 3680 383 3730; x_wconf 89' lang='lat' dir='ltr'><em>erat</em></span> <span class='ocrx_word' id='word_1_293' title='bbox 403 3668 487 3730; x_wconf 87' lang='lat' dir='ltr'><em>talis:</em></span> <span class='ocrx_word' id='word_1_294' title='bbox 508 3688 628 3729; x_wconf 89' lang='lat' dir='ltr'><em>manere</em></span> <span class='ocrx_word' id='word_1_295' title='bbox 642 3668 672 3728; x_wconf 92' lang='lat' dir='ltr'><em>in</em></span> <span class='ocrx_word' id='word_1_296' title='bbox 687 3668 788 3745; x_wconf 90' lang='lat' dir='ltr'><em>patria,</em></span> <span class='ocrx_word' id='word_1_297' title='bbox 804 3689 868 3730; x_wconf 92' lang='lat' dir='ltr'><em>esse</em></span> <span class='ocrx_word' id='word_1_298' title='bbox 881 3670 985 3731; x_wconf 90' lang='lat' dir='ltr'><em>domui</em></span> <span class='ocrx_word' id='word_1_299' title='bbox 999 3691 1068 3731; x_wconf 90' lang='lat' dir='ltr'><em>suae</em></span> <span class='ocrx_word' id='word_1_300' title='bbox 1082 3691 1152 3733; x_wconf 88' lang='lat' dir='ltr'><em>cum</em></span> 
     </span>
    </p>
   </div>
   <div class='ocr_carea' id='block_1_12' title="bbox 154 3776 1152 3842">
    <p class='ocr_par' dir='ltr' id='par_1_18' title="bbox 154 3776 1152 3842">
     <span class='ocr_line' id='line_1_40' title="bbox 154 3776 1152 3842; baseline 0.005 -17"><span class='ocrx_word' id='word_1_301' title='bbox 154 3792 187 3825; x_wconf 89' lang='lat'><em>10</em></span> <span class='ocrx_word' id='word_1_302' title='bbox 201 3777 276 3826; x_wconf 72' lang='lat' dir='ltr'><em>aenon</em></span> <span class='ocrx_word' id='word_1_303' title='bbox 294 3783 322 3826; x_wconf 86' lang='lat' dir='ltr'><em>ut</em></span> <span class='ocrx_word' id='word_1_304' title='bbox 335 3776 425 3842; x_wconf 86' lang='lat' dir='ltr'><em>aliquis</em></span> <span class='ocrx_word' id='word_1_305' title='bbox 439 3777 542 3828; x_wconf 71' lang='lat' dir='ltr'><em>fortasse</em></span> <span class='ocrx_word' id='word_1_306' title='bbox 557 3776 645 3827; x_wconf 83' lang='lat' dir='ltr'><em>dixerit</em></span> <span class='ocrx_word' id='word_1_307' title='bbox 662 3778 812 3826; x_wconf 75' lang='lat' dir='ltr'><em>ll’menneno</em></span> <span class='ocrx_word' id='word_1_308' title='bbox 827 3784 849 3826; x_wconf 82' lang='lat' dir='ltr'><em>et</em></span> <span class='ocrx_word' id='word_1_309' title='bbox 865 3779 1015 3842; x_wconf 75' lang='lat' dir='ltr'><em>llense&#39;ngero</em></span> <span class='ocrx_word' id='word_1_310' title='bbox 1032 3778 1082 3827; x_wconf 85' lang='lat' dir='ltr'><em>iam</em></span> <span class='ocrx_word' id='word_1_311' title='bbox 1100 3796 1152 3830; x_wconf 73' lang='lat' dir='ltr'><em>sno-</em></span> 
     </span>
    </p>
   </div>
   <div class='ocr_carea' id='block_1_13' title="bbox 74 3856 465 3918">
    <p class='ocr_par' dir='ltr' id='par_1_19' title="bbox 74 3856 465 3918">
     <span class='ocr_line' id='line_1_41' title="bbox 74 3856 465 3918; baseline 0.031 -19"><span class='ocrx_word' id='word_1_312' title='bbox 74 3860 155 3916; x_wconf 68' lang='lat' dir='ltr'><em>jerla</em></span> <span class='ocrx_word' id='word_1_313' title='bbox 163 3856 321 3908; x_wconf 61' lang='lat' dir='ltr'><em>noannoeane</em></span> <span class='ocrx_word' id='word_1_314' title='bbox 328 3860 371 3909; x_wconf 67' lang='lat' dir='ltr'><em>lea</em></span> <span class='ocrx_word' id='word_1_315' title='bbox 379 3860 465 3918; x_wconf 72' lang='lat' dir='ltr'><em>Helice</em></span> 
     </span>
    </p>
   </div>
   <div class='ocr_carea' id='block_1_14' title="bbox 0 0 1316 4184">
    <p class='ocr_par' dir='ltr' id='par_1_20' title="bbox 0 0 1316 4184">
     <span class='ocr_line' id='line_1_42' title="bbox 0 0 1316 4184; baseline 0 0"><span class='ocrx_word' id='word_1_316' title='bbox 0 0 1316 4184; x_wconf 95' lang='lat' dir='ltr'><em> </em></span> 
     </span>
    </p>
   </div>
  </div>
 </body>
</html>
