2580 4184
142 178 199 221 110
393 160 444 225 De
460 160 627 221 contctm'ous
644 159 768 219 fflmsti
785 165 812 218 et
836 160 924 221 Utilis
1032 154 1134 255 [1le
1151 178 1189 233 40

139 327 271 404 quidem.
293 328 354 390 Sed
367 347 484 406 quaero,
502 329 585 406 quod
599 339 707 406 negant
721 348 816 407 posse,
833 328 864 390 id
878 327 903 389 si
919 339 1028 406 posset,
1044 327 1188 406 quidnam

139 425 290 484 facerent?
331 426 468 502 Urguent
495 424 602 486 rustice
630 445 709 485 sane.
753 427 871 502 Negant
895 425 975 485 enim
996 445 1083 502 posse
1105 436 1135 486 et
1155 424 1186 484 in

139 540 177 582 eo
198 532 336 598 perstant,
352 522 410 581 hoc
430 521 553 582 verbum
574 521 647 598 quid
666 522 763 581 valeat
782 541 843 582 non
862 521 971 583 vident.
1016 523 1095 584 Cum
1109 521 1189 584 enim

140 617 317 694 quaerimus,
333 617 357 678 si
377 619 473 678 celare
492 617 615 696 possint,
630 617 704 695 quid
723 617 827 678 facturi
847 618 913 691 sint,
929 639 991 679 non
1010 618 1187 696 quaerimus,

139 714 292 792 possintne
311 717 414 788 celare,
430 717 484 778 sed
501 728 653 793 tamquam
672 728 819 777 tormenta
838 718 984 793 quaedam
999 716 1185 788 adhibemus,
1218 739 1232 789 ⁵

140 824 181 886 ut,
213 811 237 874 si
264 813 469 890 responderint
503 834 535 876 se
562 813 737 892 impunitate
771 813 923 892 proposita
949 817 1077 874 facturos
1105 816 1188 892 quod

139 910 285 988 expediat,
317 911 498 972 facinorosos
526 933 557 974 se
585 932 649 973 esse
683 915 847 985 fateantur3
880 911 905 972 si
940 923 1057 990 negent,
1086 912 1188 973 omnia

140 1008 236 1086 turpia
264 1028 316 1086 per
344 1028 375 1070 se
404 1009 468 1087 ipsa
495 1011 635 1089 fugienda
663 1030 728 1073 esse
756 1011 931 1072 concedant
974 1011 1033 1072 Sed
1062 1009 1121 1070 iam
1149 1012 1189 1072 ad

140 1106 322 1185 propositum
336 1119 521 1169 revertamur.

100 1240 127 1292 χ
164 1252 235 1295 The„
250 1265 356 1294 mm
412 1210 415 1214 ’
450 1226 498 1280 40.
542 1205 683 1273 Incidunt
710 1208 820 1267 multae
848 1225 937 1284 saepe
965 1226 1080 1280 causae,
1110 1226 1187 1284 quae
1205 1223 1233 1258 ¹0

139 1304 263 1355 perplexing
292 1304 358 1346 ΟΜ
392 1303 570 1364 conturbent
591 1303 707 1364 animos
729 1303 862 1363 utilitatis
887 1302 994 1380 specie,
1022 1323 1091 1376 non,
1118 1323 1188 1363 cum

139 1354 357 1402 whereinmendoubt,

139 1404 358 1506 pqffilqefpeqieffiqj
391 1399 450 1458 hoc
484 1399 671 1474 deliberetur,
706 1399 940 1476 relinquendane
974 1398 1012 1461 sit
1047 1400 1187 1460 honestas

139 1506 186 1596 tiop
209 1505 236 1546 be
264 1504 353 1556 morali
389 1506 509 1573 propter
535 1495 667 1556 utilitatis
695 1495 1043 1574 magnitudinem—nam
1070 1495 1101 1556 id
1125 1496 1189 1574 qui-

138 1568 172 1607 „g
187 1564 278 1597 ‘⁰¹¹¹oe
390 1593 461 1653 dem
475 1591 644 1669 improbum
655 1602 748 1664 est—-,
761 1593 814 1652 sed
825 1592 907 1664 illud,
916 1590 1049 1668 possitne
1060 1591 1098 1661 id,
1104 1594 1187 1669 quod

138 1688 210 1753 utile
240 1688 380 1763 videatur,
400 1689 462 1750 fieri
490 1707 551 1750 non
578 1687 708 1766 turpiter.
752 1691 831 1749 Cum
868 1687 1019 1751 Collatino
1054 1690 1186 1767 collegae
1203 1706 1229 1756 15

163 1807 218 1850 Tm
257 1805 352 1847 uestra
391 1791 499 1848 Brutus
534 1784 690 1863 imperium
731 1785 900 1862 abrogabat,
939 1796 1055 1862 poterat
1092 1784 1186 1849 videri

137 1856 280 1998 {ignitis
280 1887 286 1908 ⁸
297 1857 351 1957 ¹33¹,
389 1887 484 1945 facere
505 1880 537 1944 id
557 1881 679 1944 iniuster
699 1884 793 1942 suerat
814 1881 893 1941 enim
907 1881 939 1942 in
952 1882 1070 1959 regibus
1091 1883 1187 1959 expel-

137 1957 196 2048 ,iffid
205 1957 278 2050 ,ffi'
291 1969 303 1997 ⁶
316 1971 350 2048 {il
387 1979 484 2041 lendis
499 1977 597 2039 socius
613 1977 695 2038 Bruti
709 1977 899 2039 consiliorum
914 1990 943 2038 et
957 1979 1083 2038 adiutor.
1107 1981 1185 2041 Cum

134 2058 301 2160 ffi‘ssss‘ffi
314 2057 351 2148 ἒξ.
388 2088 488 2137 autem
509 2074 666 2136 consilium
687 2075 746 2135 hoc
766 2074 912 2151 principes
937 2074 1093 2151 cepissent,
1119 2095 1186 2153 cog·

137 2158 351 2250 ξῑῗξκῗξξξξξῃῖξῖζ
388 2172 540 2233 nationem
565 2170 690 2249 Superbi
712 2190 882 2247 nomenque
904 2171 1134 2247 Tarquiniorum
1154 2185 1184 2232 et
1198 2191 1228 2225 20

137 2259 332 2312 5⁰³⁶⁰ffl¹⁸⁰⁵¹
388 2268 561 2330 memoriam
588 2267 670 2346 regni
700 2287 765 2328 esse
798 2268 968 2338 tollendam,
1005 2269 1088 2344 quod
1123 2281 1184 2328 erat

136 2366 216 2440 utile,
238 2364 349 2444 patriae
369 2367 531 2437 consulere,
554 2364 586 2424 id
613 2375 674 2424 erat
698 2363 739 2423 ita
762 2365 930 2436 honestum,
954 2375 988 2424 ut
1013 2364 1103 2425 etiam
1127 2364 1184 2441 ipsi

137 2462 286 2525 Collatino
301 2463 416 2539 placere
436 2463 566 2522 deberet.
608 2464 716 2537 ltaque
740 2461 851 2521 utilitas
874 2461 965 2521 valuit
989 2474 1109 2538 propter
1133 2463 1185 2522 ho-

136 2570 290 2631 nestatem,
306 2557 370 2618 sine
384 2577 444 2634 qua
458 2578 495 2619 ne
510 2556 620 2618 utilitas
635 2556 756 2633 quidem
771 2576 836 2618 esse
854 2557 1006 2635 potuisset.
1051 2579 1098 2631 41.
1142 2561 1183 2618 At

386 2653 417 2714 in
446 2673 484 2715 eo
512 2673 588 2731 rege,
620 2652 672 2730 qui
701 2653 804 2713 urbem
834 2654 977 2726 condidit,
1010 2675 1072 2714 non
1101 2654 1181 2716 item.
1196 2673 1225 2723 25

135 2731 350 2834 ffiffffssffiffl‘ss
388 2749 508 2828 Species
537 2749 616 2810 enim
644 2748 776 2809 utilitatis
804 2749 936 2809 animum
964 2751 1078 2828 pepulit
1105 2752 1183 2812 eius·

132 2833 349 2926 ζῑξῖζξξοῗᾰξξᾞὲ
387 2847 436 2909 cui
457 2867 526 2907 cum
546 2845 641 2906 visum
666 2856 743 2906 esset
763 2845 864 2906 utilius
885 2849 981 2906 solum
1002 2867 1092 2923 quam
1113 2869 1183 2908 cum

135 2915 352 3026 gippewis&
389 2947 481 3005 altero
505 2961 635 3020 regnare,
660 2943 777 3001 fratrem
802 2941 957 3002 interemit.
1001 2943 1110 3005 Omisit
1134 2945 1183 3004 hic

135 3035 226 3078 ΝΟΜ·
387 3053 418 3103 et
440 3040 580 3118 pietatem
603 3050 633 3099 et
655 3038 879 3110 humanitatem,
894 3051 928 3100 ut
949 3039 990 3114 id,
1006 3043 1089 3117 quod
1111 3042 1183 3103 utile

133 3139 288 3201 videbatur
310 3157 407 3215 neque
429 3148 499 3209 erat,
520 3134 638 3211 assequi
659 3146 769 3213 posset,
789 3146 820 3195 et
841 3146 940 3196 tamen
963 3136 1039 3197 muri
1061 3156 1182 3197 causam
1195 3157 1226 3206 30

134 3235 282 3314 opposuit,
308 3233 437 3312 speciem
461 3231 624 3292 honestatis
648 3250 704 3292 nec
728 3230 911 3308 probabilem
936 3251 992 3292 nec
1020 3253 1092 3294 sane
1120 3234 1183 3294 ido

131 3331 228 3394 neam.
291 3350 338 3405 42.
371 3328 509 3390 Peccavit
535 3328 631 3406 igitur,
660 3346 735 3404 pace
763 3328 811 3388 vel
839 3327 955 3403 Quirini
983 3331 1031 3390 vel
1058 3331 1181 3390 Romuli

132 3427 269 3490 dher-im,
308 3428 373 3488 Nec
393 3437 492 3486 tamen
510 3435 627 3485 nostrae
647 3423 733 3484 nobis
753 3423 894 3485 utilitates
915 3423 1099 3486 omittendae
1112 3437 1181 3486 sunt

130 3523 254 3602 aliisque
281 3523 451 3595 tradendae,
474 3540 544 3581 cum
572 3521 606 3581 iis
634 3518 690 3597 ipsi
719 3539 867 3598 egeamus,
889 3522 943 3582 sed
972 3541 1044 3583 suae
1072 3521 1180 3599 cuique

130 3618 257 3695 utilitati,
272 3620 356 3697 quod
378 3616 441 3679 sine
462 3614 581 3678 alterius
603 3614 709 3677 iniuria
727 3618 787 3691 fiat,
802 3616 991 3679 serviendum
1005 3629 1058 3680 est.
1100 3618 1180 3681 Scite
1194 3640 1223 3690 35

181 3752 209 3788 ra
226 3736 375 3787 deliberetur
385 3737 465 3801 vulgro,
478 3735 629 3788 deliberatur
642 3737 787 3799 Hmmann,
800 3738 880 3789 Helue
914 3742 924 3798 ll
954 3738 1175 3805 arnequeproba·

38 3813 48 3827 ¹
120 3817 199 3866 br'lem
212 3817 419 3872 Orcanlracodd
458 3822 472 3879 l
506 3829 537 3884 3⁵
555 3819 637 3888 quoad
649 3821 703 3872 sine
714 3820 834 3872 Halmius
844 3820 967 3885 colim
976 3819 995 3870 l.
1006 3835 1039 3872 ao
