2580 4184
395 1218 555 1286 LIBER
592 1213 868 1282 SECVNDVS

85 1562 99 1614 1
425 1576 449 1615 1.
492 1554 587 1629 var
601 1554 639 1615 ad
658 1554 782 1614 modum
804 1550 900 1614 officia
921 1553 1098 1614 ducerentur
1117 1552 1157 1611 ab

139 1635 300 1730 ffidffi}
361 1652 525 1723 honestate,
541 1653 644 1710 Marce
659 1650 709 1722 fili,
731 1661 819 1725 atque
834 1652 872 1710 ab
887 1649 969 1709 omni
982 1670 1089 1728 genere
1104 1650 1158 1711 vir·

112 1738 325 1854 wssnmssy
361 1749 440 1821 tutin,
466 1749 536 1808 satis
558 1747 736 1824 explicatum
759 1747 881 1807 arbitror
902 1747 977 1815 libro
999 1736 1156 1824 superiore

111 1853 326 1914 “munandin
364 1843 501 1921 Sequitur
520 1853 553 1902 ut
574 1844 648 1902 haec
675 1842 839 1902 officiorum
866 1863 974 1918 genera
1000 1863 1163 1920 persequar,

112 1904 325 1946 dutieswhichorrse
480 1944 483 1948 ,
527 1941 534 1953 ‚
710 1941 716 1952 ,

112 1956 165 1997 nom
177 1955 274 1996 externa
285 1954 324 1996 au·
363 1962 440 2022 quae
461 1953 608 2019 pertrnent
628 1942 668 2001 ad
689 1954 766 2001 vitae
794 1942 906 2000 cultum
935 1953 964 2000 et
991 1943 1031 2002 ad
1058 1961 1158 2002 earum
1187 1961 1202 2012 5

111 2015 220 2057 ''mg“
361 2060 464 2111 rerum,
480 2039 587 2115 quibus
608 2049 730 2098 utuntur
751 2037 893 2106 homines,
913 2039 1090 2111 facultatem,
1119 2039 1159 2098 ad

113 2157 194 2214 opes,
209 2137 250 2197 ad
263 2130 394 2214 copias[;
423 2135 454 2194 in
468 2155 528 2212 quo
542 2147 604 2194 tum
626 2133 727 2210 quaeri
748 2133 809 2194 dixi
830 2133 902 2210 quid
922 2133 1002 2208 utile,
1024 2135 1098 2211 quid
1118 2135 1161 2199 in,-

112 2233 193 2307 utile,
207 2244 273 2293 tum
290 2251 328 2292 ex
346 2231 468 2290 utilibus
489 2231 562 2307 quid
583 2229 682 2289 utilius
696 2241 747 2289 aut
761 2229 833 2306 quid
848 2230 976 2291 maxime
990 2224 1081 2308 utile].
1112 2233 1159 2290 De

114 2329 220 2407 quibus
231 2328 330 2390 dicere
340 2327 501 2406 adgrediar,
512 2327 641 2404 sipauca
652 2327 732 2404 prius
746 2327 785 2386 de
799 2325 933 2387 instituto
946 2347 982 2387 ac
996 2328 1034 2388 de
1049 2327 1159 2388 iudicio

114 2448 183 2490 meo
197 2429 308 2488 dixero.
379 2427 383 2435 '
979 2477 982 2481 .
1175 2446 1205 2482 ro

131 2553 328 2596 mmmmm.
428 2539 454 2581 2.
498 2521 690 2596 Quamquam
709 2519 788 2580 enim
802 2519 868 2580 libri
883 2519 974 2581 nostri
993 2523 1160 2599 complures

113 2602 330 2704 ffqffgffiffi
365 2634 427 2676 non
454 2618 546 2676 modo
570 2617 609 2676 ad
630 2616 755 2693 legendi,
769 2617 823 2676 sed
844 2617 932 2677 etiam
952 2619 992 2678 ad
1013 2618 1161 2680 scribendi

113 2706 329 2798 guffifflgpffiff
366 2713 496 2773 studium
511 2713 720 2786 excitaverunt,
731 2727 830 2773 tamen
844 2713 994 2774 interdum
1008 2736 1110 2778 vereor
1123 2737 1162 2777 ne

113 2806 247 2908 ¹0531³hp1248
263 2854 326 2897 dimi·
364 2809 542 2886 quibusdam
564 2805 651 2869 boriis
673 2809 741 2870 viris
763 2810 967 2888 philosophiae
990 2832 1101 2873 nomen
1125 2813 1161 2873 sit

163 2907 239 2998 {Ji}
255 2906 327 3007 ἐξὲξ·
364 2906 493 2966 invisum
507 2901 707 2983 mirenturque
721 2907 752 2966 in
766 2927 802 2967 ea
817 2918 932 2967 tantum
946 2928 994 2968 me
1009 2929 1116 2986 operae
1131 2923 1160 2971 et
1176 2925 1203 2975 1⁵

163 3007 285 3049 0³¹²&ss
363 3003 505 3081 temporis
519 3022 637 3080 ponere.
670 3005 734 3080 Ego
748 3014 855 3078 autem,
863 3023 952 3080 quam
968 3006 1019 3064 diu
1030 3026 1075 3066 res
1090 3009 1162 3084 pub-

115 3101 171 3162 lica
184 3122 237 3180 per
251 3121 303 3163 eos
317 3103 481 3178 gerebatur,
498 3100 605 3176 quibus
620 3119 651 3159 se
666 3099 730 3176 ipsa
744 3100 937 3169 commiserat,
954 3101 1049 3162 omnis
1080 3123 1162 3163 meas

116 3219 198 3258 curas
212 3197 466 3275 cogitationesque
480 3196 511 3255 in
526 3215 592 3254 eam
607 3196 805 3256 conferebam.
850 3197 928 3256 Cum
949 3208 1048 3257 autem
1069 3197 1163 3258 domi-

115 3306 186 3355 natu
200 3295 286 3354 unius
301 3293 583 3354 omnia-tenerentur
603 3310 700 3368 neque
721 3302 799 3352 esset
820 3311 945 3368 usquam
966 3293 1090 3353 consilio
1110 3305 1162 3354 aut

116 3390 280 3452 auctoritati
294 3392 386 3464 locus,
402 3389 498 3450 socios
516 3387 646 3464 denique
664 3389 793 3449 tuendae
812 3390 852 3449 rei
873 3388 1017 3467 publicae,
1030 3410 1161 3451 summos
1175 3404 1207 3442 ²0

54 3482 58 3489 ’
115 3487 200 3558 viros,
211 3485 382 3558 amisissem,
399 3505 455 3545 nec
470 3504 518 3545 me
533 3483 691 3562 angoribus
713 3484 825 3559 dedidi,
847 3485 954 3562 quibus
976 3505 1072 3545 essem
1093 3507 1163 3555 con·

116 3585 209 3645 sectus
231 3582 288 3642 nisi
310 3581 345 3641 iis
363 3580 543 3656 restitissem,
565 3601 622 3641 nec
642 3600 758 3640 rursum
778 3580 908 3658 indignis
929 3581 1050 3642 homine
1072 3584 1161 3645 docto

161 3727 330 3790 7claumlam
344 3724 371 3774 in
392 3725 583 3788 quo—maxime
602 3723 663 3777 utile
684 3725 838 3777 secluserunt
858 3726 896 3778 Or
916 3727 957 3779 Bo
977 3725 1071 3788 Helue,
1091 3728 1172 3779 deletu

98 3803 430 3851 stasa‘alamsffmmannus
443 3805 610 3859 namtarum
645 3813 658 3872 l
695 3825 726 3863 or
747 3812 1020 3882 erampostNonium
1034 3812 1071 3866 Be
