2580 4184
145 213 181 271 18
400 211 402 215 ’
478 213 528 270 De
544 211 660 270 secundo
679 211 762 288 ficii
770 213 853 289 fonte
1039 209 1067 294 [I
1082 231 1138 274 xrv
1152 233 1189 286 42

141 375 354 477 fflffiyifdwi‘h
391 402 480 460 quam
501 402 614 456 eorum,
638 382 691 460 qui
711 395 784 460 tum,
797 404 865 444 cum
884 385 1013 448 maxime
1033 388 1148 458 fallunt,
1159 387 1191 450 id

139 488 230 555 agunt
244 488 276 538 ut
287 475 342 538 viri
354 476 427 538 boni
440 496 504 538 esse
517 475 680 538 videantur.
723 480 771 539 De
784 477 895 538 iustitia
908 479 977 541 satis
991 479 1114 542 dictum

60 621 126 671 xlv
152 644 350 696 mmmm„
449 624 496 679 42.
533 603 692 684 Deinceps,
702 615 736 665 ut
748 615 811 666 erat
824 605 1017 685 propositum,
1033 609 1072 669 de
1086 608 1192 671 bene-

138 695 355 800 }hgjssfffffiffiff
388 700 531 762 licentia
551 721 586 760 ac
607 703 646 762 de
666 699 882 762 liberalitate
903 702 1025 777 dicatur,
1047 721 1108 780 qua
1127 704 1190 781 qui·

150 849 189 881 cn.
205 845 335 878 „,‚.„,„
390 798 460 858 dem
481 797 554 856 nihil
575 807 620 858 est
640 807 761 857 naturae
777 795 906 857 hominis
926 799 1188 872 accommodatius,
1219 819 1231 867 5

163 885 351 1002 Τὶῐΐῖἃᾮίοω
390 895 445 954 sed
471 893 561 954 habet
587 894 695 953 multas
722 892 883 953 cautiones,
929 891 1114 956 'Videndum
1142 907 1189 983 est

138 1020 160 1054 to
175 1011 201 1052 ue
216 1011 354 1052 observetur
390 1010 471 1051 enim
497 988 634 1066 primurn,
656 1008 695 1049 ne
722 988 800 1049 obsit
826 987 992 1067 benignitas
1012 1001 1042 1052 et
1062 990 1098 1052 iis
1118 990 1189 1070 ipsis

138 1061 352 1152 ¹h2“⁶‘{¹,⁵{,⁰‘0¹,²,{
389 1086 497 1164 quibus
518 1084 645 1162 benigne
658 1083 805 1146 videbitur
818 1084 889 1159 fieri,
903 1096 933 1146 et
950 1085 1063 1159 ceteris,
1078 1087 1188 1150 deinde

137 1162 355 1273 fflfflssssissffi
391 1203 431 1244 ne
460 1180 554 1243 maior
580 1179 745 1259 benignitas
772 1180 810 1243 sit
830 1199 921 1258 quam
942 1184 1103 1258 facultates,
1124 1195 1188 1246 tum

135 1261 330 1314 ³⁶⁰²⁰¹²⁰⁰³¹⁸¹³
387 1290 422 1339 ut
435 1296 488 1355 pro
502 1275 646 1354 dignitate
659 1275 768 1354 cuique
788 1277 939 1339 tribuatur.
982 1281 1022 1341 Id
1042 1279 1123 1341 enim
1142 1293 1188 1342 est
1203 1304 1233 1338 ιο

139 1377 265 1439 iustitiae
285 1376 522 1447 fundamentum,
543 1373 583 1432 ad
603 1391 695 1448 quam
715 1374 789 1433 haec
809 1375 963 1435 reserenda
983 1387 1051 1438 sunt
1077 1377 1185 1438 omnia

140 1477 219 1534 Nam
237 1485 267 1535 et
287 1473 339 1551 qui
356 1471 554 1551 gratificantur
573 1468 711 1546 cuipiam,
726 1470 809 1546 quod
827 1469 905 1531 obsit
919 1470 969 1545 illi,
985 1471 1033 1532 cui
1046 1474 1188 1549 prodesse

139 1572 214 1632 velle
226 1569 388 1642 videantur,
404 1586 466 1627 non
484 1563 611 1626 benefici
631 1583 729 1641 neque
749 1565 883 1627 liberales
901 1568 955 1628 sed
968 1567 1125 1644 perniciosi
1137 1571 1189 1645 ad„-
1214 1595 1216 1599 ·

139 1678 300 1727 sentatores
318 1661 469 1726 iudicandi
487 1671 555 1722 sunt
564 1681 574 1735 3
595 1671 625 1721 et
643 1659 695 1738 qui
713 1660 777 1720 aliis
795 1673 913 1737 nocent,
928 1674 961 1722 ut
977 1663 1008 1723 in
1024 1663 1098 1726 alios
1116 1663 1187 1727 libe·

138 1764 213 1823 rales
229 1762 295 1836 sint,
317 1762 348 1821 in
367 1761 473 1822 eadem
491 1767 561 1818 sunt
578 1755 728 1831 iniustitia,
743 1768 776 1818 ut
799 1757 824 1817 si
846 1757 877 1817 in
897 1778 981 1820 suam
1004 1778 1068 1820 rem
1090 1759 1229 1834 alieua15

138 1869 318 1919 convertant
360 1876 408 1932 43.
430 1857 505 1916 Sunt
515 1864 615 1913 autem
628 1852 714 1913 multi
727 1864 757 1914 et
771 1852 893 1930 quidem
907 1853 1009 1932 cupidi
1022 1844 1186 1933 splendoris

138 1965 168 2015 et
189 1953 306 2032 gloriae,
328 1953 379 2031 qui
400 1951 527 2030 eripiunt
547 1949 611 2010 aliis
629 1951 711 2028 quod
729 1949 793 2011 aliis
811 1950 978 2029 largiantur,
1010 1951 1091 2030 iique
1111 1953 1186 2014 arbi-

137 2062 249 2111 trantur
262 2070 294 2111 se
307 2051 456 2111 beneficos
469 2047 500 2107 iu
514 2065 584 2108 suos
597 2045 709 2108 amicos
721 2045 818 2107 visum
831 2046 874 2121 iri,
889 2047 914 2108 si
932 2049 1114 2125 locupletent
1133 2068 1185 2110 eos

138 2165 324 2224 quacumque
336 2145 457 2206 ratione.
502 2144 540 2204 Id
553 2154 652 2203 autem
666 2153 781 2204 tantum
794 2143 878 2204 abest
891 2143 930 2203 ab
944 2143 1050 2217 officia,
1065 2155 1098 2206 ut
1111 2145 1184 2206 nihil

138 2242 230 2320 magis
250 2242 348 2303 officio
369 2240 461 2319 possit
481 2240 551 2301 esse'
566 2239 753 2300 contrarium
795 2239 970 2299 Videndum
984 2252 1028 2300 est
1042 2240 1137 2320 igitur,
1152 2255 1184 2303 ut
1196 2270 1229 2304 20

136 2356 173 2398 ea
198 2337 370 2399 liberalitate
396 2347 522 2408 utamur,
549 2353 626 2411 quae
653 2334 744 2412 prosit
775 2335 887 2410 amicis,
922 2347 1028 2396 noceat
1062 2337 1181 2399 nemini

137 2435 236 2510 Quare
266 2436 299 2494 L.
322 2435 427 2506 Sullae,
457 2433 491 2493 C.
515 2431 648 2492 Caesaris
674 2430 865 2508 pecuniarum
891 2432 1042 2492 translatio
1062 2452 1081 2493 a
1100 2432 1183 2495 iustis

136 2529 265 2591 dominis
285 2530 325 2590 ad
344 2527 457 2589 alienos
476 2546 536 2586 non
555 2527 645 2586 debet
663 2526 789 2587 liberalis
803 2527 904 2588 videri.
947 2528 1030 2588 Nihil
1044 2540 1088 2590 est
1102 2529 1182 2591 enirn

384 2623 512 2696 liberale,
526 2623 611 2700 quod
623 2642 685 2684 non
699 2623 780 2684 idem
794 2622 911 2685 iustum.
954 2644 1002 2699 44.
1044 2627 1129 2687 Alter
1141 2627 1183 2687 lo

160 2713 185 2759 Β·
212 2715 270 2757 That
286 2715 303 2757 ³²
319 2715 346 2758 be
383 2736 437 2777 cus
463 2728 525 2777 erat
548 2715 702 2791 cautionis,
727 2736 766 2778 ne
790 2717 956 2796 benignitas
983 2718 1077 2780 maior
1102 2733 1180 2782 esset
1193 2750 1224 2800 25

133 2767 346 2859 ¹c⁸e⁰id⁸³¹iidreddidit
383 2834 474 2892 quam
496 2817 656 2890 facultates,
679 2816 762 2892 quod
784 2813 837 2893 qui
863 2815 1049 2894 benigniores
1076 2819 1181 2880 volunt

133 2867 280 2911 mmmm
382 2932 447 2974 esse
467 2932 558 2990 quam
577 2932 624 2974 res
643 2912 760 2991 patitur,
781 2912 909 2998 primurn
932 2913 964 2973 in
990 2933 1028 2975 eo
1054 2927 1181 2993 peccant

133 3010 214 3085 quod
229 3007 360 3069 iniuriosi
374 3020 443 3069 sunt
457 3008 487 3068 in
501 3007 650 3086 proximos
658 3030 668 3084 ;
688 3027 762 3086 quas
782 3008 863 3070 enim
883 3009 984 3086 copias
1004 3009 1050 3071 his
1068 3020 1098 3071 et
1112 3030 1181 3089 sup·

131 3105 255 3182 peditari
281 3104 404 3182 aequius
431 3114 476 3165 est
502 3114 532 3165 et
555 3103 689 3182 relinqui,
717 3124 768 3165 eas
794 3106 971 3165 transferunt
994 3107 1034 3167 ad
1057 3105 1177 3168 alienos.

131 3203 214 3262 Inest
228 3211 328 3262 autem
341 3201 373 3260 in
386 3201 437 3262 tali
450 3199 623 3261 liberalitate
636 3200 782 3278 cupiditas
802 3203 975 3278 plerumque
995 3201 1129 3280 rapiendi
1148 3215 1178 3264 et
1190 3231 1221 3281 30

131 3296 282 3359 auferendi
308 3316 362 3374 per
388 3295 533 3370 iniuriam,
560 3306 593 3356 ut
619 3297 660 3356 ad
680 3297 864 3375 largiendum
885 3308 1043 3375 suppetant
1064 3297 1175 3376 copiae.

131 3393 240 3454 Videre
260 3391 350 3456 etiam
369 3392 438 3454 licet
457 3395 614 3471 plerosque
634 3411 696 3453 non
715 3405 777 3453 tam
796 3403 901 3453 natura
926 3393 1060 3454 liberales
1086 3413 1178 3472 quarn

130 3491 260 3566 quadam
279 3489 373 3569 gloria
392 3491 508 3562 ductos,
522 3499 555 3550 ut
569 3488 695 3550 benefici
708 3488 870 3563 videantur,
885 3491 981 3550 facere
994 3492 1088 3550 multa
1100 3510 1177 3568 quae

130 3585 276 3663 proficisci
301 3586 340 3647 ab
363 3584 561 3647 ostentatione
580 3583 673 3662 magis
694 3603 784 3662 quam
804 3604 823 3645 a
841 3587 994 3646 voluntate
1013 3585 1175 3648 videantur.

179 3718 304 3768 edictum
319 3725 358 3770 est
373 3719 463 3784 vulgo.-
478 3725 516 3770 est
531 3735 579 3770 om.
592 3722 634 3770 Ba
649 3721 687 3770 Be
701 3721 784 3771 Heine
797 3721 840 3770 Lu
872 3724 883 3781 ΙΙ
918 3734 947 3786 17
963 3721 1039 3786 bique
1055 3725 1103 3783 Zu,
1121 3725 1175 3784 Or:

122 3798 398 3860 riqueBaHa'aeeMu
430 3804 442 3860 tl
477 3815 508 3867 ¹9
523 3801 593 3852 abest
607 3801 641 3851 ab
651 3801 733 3853 officio
746 3802 789 3853 Ba
801 3802 881 3852 Het'ne
892 3803 949 3861 Mu,
960 3803 1031 3853 abest
1042 3803 1124 3856 officio
1135 3807 1174 3856 Zu

104 3876 224 3926 etiam
259 3883 278 3936 Ι
309 3884 344 3932 aa
357 3881 444 3931 lisZu
911 3895 915 3904 “
