2580 4184
70 208 139 270 1111
158 206 188 290 7]
475 210 617 288 Definitio
635 210 721 287 officii
1106 224 1123 288 5
1154 237 1161 253 ⁶

68 403 174 456 why,
227 418 286 448 soma
323 372 453 448 officium
472 391 562 432 omne
580 383 755 449 pervertant.
798 373 879 430 Nam
899 369 951 448 qui
974 388 1124 430 summurn

68 456 287 557 :eh'ss'gffi‘fiffissfi
324 470 438 529 bonum
459 467 502 528 sic
518 467 643 529 instituit
661 479 694 528 ut
713 467 787 527 nihil
805 468 913 529 habeat
929 487 999 527 curn
1016 465 1124 531 virtute

68 557 286 656 ἷξηξὴῇηξζξζζζζ
322 564 525 638 coniunctum,
540 564 631 642 idque
656 564 716 625 suis
737 563 912 638 commodis,
934 584 996 624 non
1016 565 1124 626 hones·

67 657 287 748 {fflossffie‘nffllgg}
324 672 385 722 tate
406 662 532 736 metitur,
552 661 610 736 hic,
626 660 652 722 si
670 660 726 721 sibi
743 661 806 738 ipse
827 661 992 725 consentiat
1010 673 1040 724 et
1060 682 1122 723 non

67 757 286 860 {ssassssssm‘ffld
323 744 473 818 interdum
487 768 608 817 naturae
627 756 760 817 bonitate
778 756 919 831 vincatur,
934 776 1032 834 neque
1051 757 1123 817 ami·
1151 779 1165 830 5

322 853 423 913 citiam
447 856 544 915 colere
564 853 657 931 possit
678 872 735 913 nec
758 852 899 913 iustitiam
922 873 979 913 nec
1000 853 1122 915 liberali·

68 959 182 1012 tatem:
216 949 298 1012 fortis
325 970 396 1012 vero
430 952 565 1012 dolorem
592 971 742 1012 summum
769 952 880 1010 malum
908 951 1042 1012 iudicans
1069 964 1121 1013 aut

68 1057 238 1123 temperans
265 1049 449 1126 voluptatem
476 1051 626 1109 summurn
654 1050 768 1108 bonum
795 1059 927 1108 statuens
949 1067 1014 1108 esse
1041 1058 1120 1108 certe

68 1144 153 1202 nullo
168 1144 261 1204 modo
273 1130 381 1221 potest.
425 1147 451 1204 6.
495 1146 580 1221 Quae
595 1163 776 1221 quamquam
795 1143 836 1203 ita
850 1155 918 1204 sunt
932 1143 1128 1252 Qu,

68 1249 103 1299 ut
116 1259 163 1299 res
177 1239 378 1316 disputatione
391 1260 453 1301 non
469 1252 560 1318 egeat,
577 1251 678 1300 tamen
692 1257 761 1300 sunt
775 1261 793 1299 a
806 1241 893 1302 nohis
906 1243 966 1300 alto
980 1242 1048 1301 loco
1062 1241 1119 1301 dis·
1135 1269 1164 1304 10

67 1347 181 1412 putata
225 1339 294 1397 Hae
309 1338 483 1415 disciphnae
497 1338 584 1415 igitur
599 1339 622 1398 si
637 1338 693 1399 sibi
707 1350 926 1399 consentaneae
940 1337 1032 1398 velint
1045 1356 1118 1410 esse,
1192 1411 1214 1429 ‚.

67 1433 107 1492 de
134 1432 235 1493 officio
261 1434 335 1493 nihil
363 1445 474 1510 queant
502 1435 609 1518 dicere,
638 1454 735 1512 neque
762 1436 823 1494 ulla
851 1434 940 1495 officii
961 1445 1144 1512 praecepta·
1213 1432 1274 1515 ³21¹

67 1531 161 1604 firma,
177 1529 301 1606 stabilia,
322 1532 483 1592 coniuncta
503 1544 624 1592 naturae
646 1533 722 1592 tradi
738 1543 862 1609 possunt
880 1531 936 1591 nisi
956 1543 1007 1592 aut
1026 1533 1065 1591 ab
1083 1433 1183 1702 iis}
1230 1536 1232 1540 '

67 1624 120 1702 qui
139 1622 243 1699 solam,
259 1638 310 1687 aut
330 1629 369 1687 ab
384 1627 418 1686 iis
434 1628 484 1704 qui
498 1627 625 1688 maxime
639 1628 826 1688 honestatem
839 1642 959 1705 propter
973 1647 1004 1687 se
1018 1626 1119 1697 dicant

67 1724 275 1799 expetendam.
319 1726 367 1784 Ita
380 1725 499 1801 propria
513 1735 557 1784 est
576 1743 612 1784 ea
630 1724 800 1801 praeceptio
819 1726 985 1786 Stoicorum
1005 1728 1161 1801 Acade-15

320 1820 464 1881 micorum
499 1821 769 1899 Peripateticorum,
797 1823 939 1899 quoniam
972 1822 1117 1885 Aristonis

66 1885 283 1996 vifirfyfflhffi
321 1916 479 1994 Pyrrhonis
502 1916 585 1977 Erilli
606 1917 666 1976 iam
687 1918 803 1995 pridem
825 1921 947 1996 explosa
972 1920 1119 1982 sententia

67 1988 104 2046 the
113 1989 182 2028 stores
199 1987 282 2046 Acade·
371 2035 377 2048 ι
445 2016 450 2027 .
769 2017 775 2030 .
970 2018 976 2030 .
1109 2019 1115 2031 .

67 2018 282 2088 hamataque·
319 2027 378 2089 est,
402 2036 452 2092 qur
481 2027 581 2078 tamen
603 2018 746 2078 haberent
767 2037 811 2078 rus
837 2038 923 2106 suum
947 2020 1117 2095 disputandi

67 2095 283 2197 iisssiicsiiiwpiii
320 2114 358 2173 de
379 2113 485 2188 offici0,
508 2113 532 2174 si
558 2134 656 2174 rerum
676 2115 806 2192 aliquem
849 2115 968 2176 ilectum
988 2114 1117 2193 reliquis-

67 2186 208 2240 naaman.
319 2223 394 2286 sent,
422 2223 455 2272 ut
481 2213 521 2272 ad
548 2211 637 2272 officii
663 2210 865 2272 inventionem
899 2211 996 2271 aditus
1030 2223 1114 2272 esset.
1131 2237 1162 2272 20

67 2307 324 2386 Sequemurigitur
337 2311 397 2370 hoc
415 2309 537 2386 quidem
554 2320 687 2386 tempore
708 2320 738 2369 et
754 2311 810 2369 hac
826 2307 857 2368 in
876 2307 1050 2386 quaestione
1066 2328 1118 2386 po-

67 2404 213 2464 tissimum
228 2405 352 2478 Stoicos,
369 2426 430 2466 non
445 2417 478 2466 ut
492 2406 672 2483 interpretes,
685 2406 748 2479 sed,
760 2416 793 2466 ut
807 2395 943 2480 solemus,
954 2425 972 2466 e
976 2405 1117 2496 Qus

68 2521 85 2561 e
142 2521 172 2560 rn
186 2494 296 2563 iudicio
310 2503 491 2580 arbitrioque
506 2516 607 2564 nostro
622 2504 766 2579 quantum
785 2521 906 2581 quoque
925 2504 1017 2564 modo
1036 2503 1118 2564 vide·

67 2597 147 2658 bitur
160 2598 335 2659 hauriemus.

129 2712 156 2771 7.
199 2697 300 2756 Placet
313 2693 408 2773 igitur,
424 2696 564 2773 quoniam
580 2695 677 2756 omnis
692 2696 851 2774 disputatio
863 2697 900 2757 de
910 2698 1008 2759 officio
1018 2700 1115 2759 sutura
1130 2720 1141 2753 α
1146 2718 1159 2768 5

91 2848 179 2890 Mani„
204 2850 249 2891 oso
272 2871 282 2883 ⁸
319 2805 371 2867 est,
387 2806 457 2855 ante
476 2793 636 2866 definire,
652 2793 725 2870 quid
744 2794 781 2854 sit
801 2794 981 2855 officium:
1002 2796 1117 2873 quoda

65 2850 281 2994 eruaaffnstii-
319 2892 460 2953 Panaetio
487 2889 724 2970 praetermissum
758 2910 822 2951 esse
856 2890 953 2952 miror.
1009 2892 1116 2954 Omnis

65 2959 155 2992 “me
317 2989 406 3063 enim,
430 2964 685 3069 quaeffire
714 2987 869 3065 suscipitur
893 2992 931 3051 de
958 2990 1058 3067 aliqua
1084 3010 1115 3050 re

65 3084 211 3147 institutio
232 3087 322 3148 debet
342 3105 360 3145 a
387 3086 559 3146 definitione
586 3085 742 3163 proficisci,
766 3097 798 3146 ut
820 3085 1013 3164 intellegatur,
1043 3089 1115 3167 quid

66 3182 104 3241 sit
117 3181 150 3242 id
164 3181 202 3241 de
216 3201 276 3261 quo
290 3182 462 3259 disputetur.
480 3179 499 3215 *
521 3179 539 3214 *
560 3179 579 3214 ⁴*
601 3177 619 3212 ἃ
1128 3215 1160 3266 30

11 3307 54 3357 111
91 3312 207 3364 Qum
217 3315 280 3358 mla,
358 3276 484 3339 ·Omnis
498 3278 537 3339 de
551 3277 650 3339 officio
665 3280 774 3357 duplex
788 3291 832 3340 est
846 3279 999 3357 quaestio:
1020 3301 1113 3340 unum
1183 3342 1187 3349 ,

65 3363 281 3465 ’,ζᾞξῖζζξζὲζξι
317 3395 409 3452 genus
437 3386 481 3435 est
508 3377 592 3452 quod
618 3377 745 3453 pertinet
773 3379 812 3438 ad
839 3380 930 3438 finem
957 3380 1112 3450 bonorum,
1182 3392 1184 3397 ·
1234 3366 1236 3371 ’

64 3465 222 3517 ”dmm
317 3474 441 3532 alterum
462 3474 546 3548 quod
563 3473 694 3558 positum
715 3474 809 3533 estin
828 3473 991 3551 praeceptis
1006 3473 1113 3551 quibus

64 3563 96 3627 in
109 3567 209 3628 omnis
221 3569 310 3645 partis
325 3588 395 3630 usus
408 3569 487 3631 vitae
505 3569 685 3631 conformari
702 3570 803 3648 possit.
846 3570 1008 3648 Superioris
1027 3590 1114 3648 genc-
1176 3616 1179 3635 r

1228 1624 1247 1665 l}

118 3811 149 3860 ¹4
167 3794 259 3844 ducant
275 3790 327 3843 Ba¹
333 3802 396 3857 post
407 3797 540 3856 Babt'um,·
560 3797 645 3850 dicant
662 3800 730 3854 coeti.
746 3799 863 3854 Barna
896 3806 911 3864 l
945 3819 975 3855 nr
994 3818 1134 3870 sequemur

60 3877 130 3922 Mu:
144 3873 271 3934 sequimur
283 3874 349 3924 catal.
381 3879 398 3934 ll
431 3880 463 3928 28
484 3880 618 3934 aratione
638 3885 721 3952 codd„
741 3888 844 3942 ratione
869 3889 913 3941 Ba
934 3890 1021 3942 Helm
1040 3887 1103 3940 md
1135 3888 1157 3944 h

43 3962 77 4008 34
109 3947 325 4003 confirmaricadd.
