2580 4184
109 196 141 259 11
155 214 179 259 x
193 194 245 281 37]
560 204 609 262 De
622 203 717 280 gloria
1119 228 1156 288 73

106 366 242 508 &23²¹ss
269 367 323 460 {222
358 390 467 449 meque
493 371 559 449 ipso
586 393 674 451 saepe
701 375 884 452 disputatum
911 377 956 453 sit,
986 378 1037 456 qui
1065 399 1156 440 unam

161 481 188 509 en

105 480 154 559 {aaa
176 468 229 560 1³⁰2
229 481 322 560 35:2²0·
359 469 482 530 haberet
505 490 608 532 omnes
629 473 737 533 habere
755 472 883 549 virtutes,
900 494 979 535 nunc
999 476 1042 536 ita
1061 476 1157 538 seiun-

105 568 323 670 ffierffffigqlv
359 586 436 646 gam,
451 567 535 674 quasi
554 567 648 645 possit
666 568 832 646 quisquam,
848 571 899 647 qui
918 591 979 631 non
996 571 1077 632 idem
1090 593 1157 651 pru-

359 665 434 724 dens
456 673 501 736 s1t‚
523 675 617 722 iustus
638 683 712 737 esse,
734 665 791 724 alia
812 677 857 726 est
878 666 936 740 illa,
958 686 1028 726 cum
1050 669 1154 729 veritas

106 758 173 837 ipsa
189 759 307 819 limatur
324 759 355 820 in
372 759 580 837 disputatione,
596 760 749 833 subtilitas,
765 760 829 835 alia,
845 782 915 821 cum
929 765 969 823 ad
983 764 1154 841 opinionem
1182 793 1196 841 ⁵

106 875 299 916 communem
320 855 418 917 omnis
437 858 680 916 accommodatur
704 857 804 917 oratio.
849 859 947 932 Quam
968 860 1008 920 ob
1028 880 1099 934 rem,
1121 874 1155 923 ut

106 955 220 1031 volgus,
239 952 280 1013 ita
299 972 356 1014 nos
376 955 523 1014 hocloco
543 952 698 1030 loquimur,
721 966 754 1014 ut
775 954 847 1014 alios
869 957 965 1030 fortes,
982 957 1055 1018 alios
1075 958 1153 1020 viros

106 1051 213 1125 bonos,
232 1050 306 1111 alios
326 1052 486 1129 prudentes
500 1069 565 1111 esse
589 1049 736 1111 dicamus.
776 1053 970 1128 Popularibus
993 1055 1074 1115 enim
1093 1076 1155 1118 ver·

106 1147 154 1210 bis
174 1158 219 1208 est
238 1149 387 1225 agendum
409 1159 439 1209 et
457 1148 579 1222 usitatis,
594 1168 664 1207 cum
683 1147 833 1225 loquimur
847 1151 884 1209 de
903 1150 1044 1226 opinione
1061 1172 1154 1230 popu·

106 1247 167 1320 lari,
184 1248 275 1325 idque
289 1248 398 1309 eodem
418 1247 511 1307 modo
533 1245 602 1306 fecit
622 1245 789 1306 Panaetius.
831 1247 891 1307 Sed
910 1248 950 1307 ad
967 1248 1152 1326 propositum
1167 1272 1198 1308 ιο

104 1355 292 1406 revertamur.

131 1488 262 1530 nowtowtn
285 1486 323 1530 ὠ
414 1444 461 1518 36.
491 1444 562 1502 Erat
575 1441 712 1519 igiturex
725 1441 760 1503 iis
775 1441 874 1518 tribus,
887 1463 963 1520 quae
977 1446 1016 1505 ad
1029 1445 1152 1523 gloriam

107 1539 322 1631 ffirtdssjssgzmtllg
348 1539 544 1615 pertinerent,
559 1539 618 1599 hoc
636 1538 764 1612 tertium,
779 1550 813 1600 ut
830 1559 899 1600 cum
918 1542 1151 1605 admiratione

108 1649 156 1682 true
165 1639 245 1690 Glorr=
358 1633 515 1694 hominum
528 1633 642 1693 honore
655 1635 693 1693 ab
707 1632 742 1693 iis
757 1633 838 1712 digni
852 1634 1055 1698 iudicaremur.
1091 1639 1152 1698 Ad·

102 1732 247 1793 mirantur
270 1731 357 1810 igitur
380 1728 578 1791 communiter
601 1728 643 1788 illi
664 1729 786 1806 quidem
811 1731 920 1805 omnia,
943 1752 1020 1809 quae
1044 1753 1151 1811 magna
1165 1760 1194 1811 15
1261 1783 1263 1788 ,

103 1841 134 1891 et
153 1840 270 1908 praeter
290 1827 463 1905 opinionem
481 1844 565 1884 suam
583 1825 863 1900 animadverterunt,
879 1828 1036 1903 separatim
1050 1841 1150 1890 autem

102 1925 134 1986 in
155 1924 284 2003 singulis,
300 1923 325 1984 si
342 1921 525 2001 perspiciunt
543 1940 599 1981 nec
617 1921 737 1998 opinata
750 1924 898 1999 quaedam
913 1925 998 1984 bona
1043 1928 1150 2002 Itaque

103 2041 155 2083 eos
176 2021 253 2081 viros
274 2018 438 2098 suspiciunt
458 2017 663 2094 maxumisque
684 2019 816 2078 ecferunt
836 2019 981 2094 laudibus,
996 2019 1027 2080 in
1041 2021 1149 2098 quibus

102 2150 132 2200 b,
149 2144 318 2200 ,madium
354 2115 532 2177 existumant
551 2133 582 2174 se
599 2114 769 2175 excellentis
786 2117 930 2192 quasdam
948 2127 978 2177 et
996 2117 1148 2196 singularis

56 2209 59 2216 ’
103 2200 184 2252 Μ’
355 2211 520 2291 perspicere
533 2211 662 2285 virtutes,
678 2211 844 2288 despiciunt
858 2223 957 2272 autem
971 2233 1023 2274 eos
1037 2225 1066 2275 et
1080 2234 1148 2275 con·
1161 2245 1192 2280 20

103 2324 248 2386 temnunt,
270 2311 301 2371 in
322 2311 429 2388 quibus
451 2308 523 2368 nihil
544 2307 666 2382 virtutis,
686 2309 759 2369 nihil
779 2308 878 2384 animi,
899 2309 971 2369 nihil
992 2331 1148 2372 nervorum

102 2420 216 2488 putant.
259 2410 330 2468 Non
354 2405 561 2466 enimomnes
584 2424 635 2465 eos
659 2416 855 2466 contemnunt
879 2406 1047 2483 dequibus
1070 2410 1148 2470 male

102 2505 282 2567 existimant.
323 2505 403 2563 Nam
424 2521 500 2578 quos
520 2501 671 2577 improbos
692 2501 854 2561 maledicos
874 2503 1076 2564 fraudulentos
1096 2523 1149 2581 pu-

101 2613 164 2663 tant
191 2612 222 2663 et
249 2600 289 2660 ad
316 2598 482 2658 faciendam
509 2597 645 2656 iniuriam
677 2596 843 2670 instructos,
872 2617 924 2659 eos
952 2610 1147 2661 contemnunt

101 2699 224 2776 quidem
251 2695 424 2772 neutiquam
452 2694 506 2754 sed
529 2694 568 2753 de
594 2691 629 2751 iis
661 2695 739 2753 male
762 2693 935 2754 existimant
980 2696 1079 2769 Quam
1106 2697 1188 2776 0b25

100 2814 171 2867 rem,
191 2804 225 2853 ut
245 2803 314 2852 ante
334 2789 404 2864 dixi,
425 2799 656 2849 contemnuntur
675 2788 770 2865 ii,qui
791 2793 864 2850 ‘nec
885 2789 941 2850 sibi
961 2810 1017 2851 nec
1037 2792 1120 2853 alteri
1129 2795 1144 2868 ³,

100 2902 133 2952 ut
154 2890 270 2962 dicitur,
292 2887 323 2947 in
343 2886 451 2963 quibus
475 2888 573 2945 nullus
595 2886 686 2958 labor,
708 2887 789 2945 nulla
808 2886 960 2962 industria,
976 2891 1056 2950 nulla
1076 2910 1146 2951 cura

99 2999 152 3050 est
196 3004 242 3064 37.
265 2983 470 3046 Admiratione
491 2993 591 3042 autem
611 2981 777 3042 afficiuntur
797 2982 825 3055 ii,
839 2983 890 3059 qui
910 2983 1020 3045 anteire
1041 2986 1145 3047 ceteris

99 3108 130 3160 sy
171 3108 310 3150 muraenae
348 3081 455 3143 virtute
476 3092 616 3158 putantur
635 3092 666 3142 et
685 3101 755 3141 cum
776 3082 858 3142 omni
876 3103 974 3144 carere
988 3085 1143 3161 dedecore,

100 3160 246 3261 ἔξω*
266 3159 310 3201 “nd
348 3190 412 3239 tum
430 3198 500 3239 vero
518 3177 554 3238 iis
568 3177 645 3238 vitiis
660 3178 767 3256 quibus
783 3178 832 3239 alii
847 3199 907 3240 non
921 3179 1006 3241 facile
1019 3193 1144 3259 possunt
1157 3204 1188 3253 30

99 3277 248 3339 obsistere.
291 3278 371 3336 Nam
389 3286 419 3337 et
433 3277 607 3352 voluptates,
622 3274 842 3336 blandissumae
863 3276 1010 3351 dominae,
1026 3277 1143 3339 maioris

98 3373 188 3451 partis
212 3372 327 3432 animos
348 3392 367 3432 a
386 3371 492 3431 virtute
517 3372 695 3448 detorquent
723 3382 761 3444 et,
784 3372 921 3432 dolorum
948 3391 1018 3431 cum
1042 3375 1144 3434 admo·

97 3483 203 3532 ventur
223 3473 310 3543 faces,
326 3480 441 3548 praeter
461 3470 585 3529 modum
605 3468 738 3546 plerique
757 3480 954 3531 exterrentur:
975 3469 1036 3529 vita
1053 3489 1141 3546 mors,

97 3566 217 3628 divitiae
236 3577 392 3645 paupertas
412 3584 516 3626 omnes
536 3565 672 3626 homines
685 3564 943 3626 vehementissime
959 3579 1140 3643 permovent

98 3664 183 3740 Quae
197 3661 248 3739 qui
266 3661 298 3721 in
318 3672 472 3739 utramque
489 3672 603 3738 partem
621 3663 737 3722 excelso
751 3661 851 3721 animo
865 3681 1032 3740 magnoque
1046 3664 1142 3742 despi-
1153 3689 1185 3741 35

147 3794 178 3843 23
196 3781 331 3831 maledicos
350 3780 423 3840 codd,
442 3779 568 3831 maleficos
590 3781 744 3848 Wyttenbuclr
764 3781 801 3834 Be
819 3781 897 3833 Heine
930 3786 946 3843 ll
979 3785 1012 3836 ru
1027 3785 1153 3838 adiremus

86 3863 132 3909 θα
147 3861 304 3922 dames!
317 3861 473 3912 amomum
540 3868 553 3926 l
623 3881 654 3934 31
677 3869 788 3922 maiores
809 3876 899 3939 putes
919 3869 1004 3923 arirmt
1022 3872 1112 3938 uulgo,
1129 3870 1171 3920 sed
