2580 4184
304 197 457 259 NOTES
496 197 990 274 BooxIccxxxxr5569—7r
1117 198 1173 274 189

119 368 273 430 Pythagoras
283 366 438 416 Democritus
448 367 621 428 Anaxagoras,
635 381 652 413 a
666 364 773 428 regendis
786 363 928 414 ciuitatibus
939 369 998 412 totos
1011 377 1036 412 se
1048 362 1084 412 ad
1094 364 1173 428 cogni·

120 434 210 481 tionem
223 447 308 480 rerum
320 432 518 479 transtulerunt:
534 446 574 495 cp.
588 428 681 479 Plato's
692 438 793 495 precept
804 429 898 494 quoted
909 432 922 490 5
934 430 974 478 28.

170 515 189 560 l
204 516 226 560 2.
262 514 391 566 luneque
402 511 547 571 persolues]
565 510 644 570 Plato,
659 509 788 566 Aristotle,
801 509 878 558 Zeno.

168 595 277 647 queem
292 595 412 641 homines
428 592 524 652 severi]
541 591 600 640 such
613 607 640 640 as
653 591 782 647 Atticus,
795 590 824 638 os
838 590 922 638 whom
936 588 1066 640 Cornelius
1076 590 1172 656 Nepos,

119 655 159 706 his
170 656 326 720 biographer,
341 672 396 720 says
409 656 474 719 (Art.
487 672 507 704 c.
522 655 548 716 6)
560 657 588 704 in
600 663 648 718 rep.
662 656 697 703 ita
708 662 743 704 cst
753 663 869 714 uersatus,
884 661 913 703 ut
922 663 1013 718 semper
1023 656 1173 719 opttmomcm

115 723 229 785 partium
238 728 261 770 et
269 728 327 769 esset
335 728 358 769 et
365 721 554 775 existimaremur,
563 737 638 783 neque
644 728 727 770 tamen
735 719 1001 783 secioilibusfluctibus
1010 721 1172 778 committeret,

119 787 185 849 quod
198 802 249 834 non
267 786 346 849 mages
362 802 398 834 eos
414 787 443 834 in
460 801 507 832 suo
520 792 637 848 potestate
654 785 808 833 existimabat
822 800 876 840 esse,
893 784 976 848 quise
990 784 1032 832 leis
1047 784 1172 843 dedissent,

120 867 194 913 quam
211 851 255 913 qui
271 851 404 899 maritimis
424 850 592 898 sectarentur:
613 865 642 899 or
663 850 701 897 M.
725 849 837 912 Pupius
855 849 923 897 Piso
941 849 1169 912 Calpurnianus,

120 915 206 963 consul
218 927 267 963 se.
283 913 322 974 61,
337 915 366 964 of
379 916 462 964 whom
480 915 567 964 Cicero
585 915 654 963 Brut.
667 917 681 974 5
694 911 741 976 236
756 914 861 962 laborem
872 913 996 976 forensem
1011 914 1106 962 diutius
1121 931 1172 964 non

119 981 182 1038 tulit,
197 980 421 1043 quod-'hominum
433 980 537 1042 ineptias
548 995 577 1026 oc
586 978 714 1037 stultitias,
726 994 788 1042 quae
798 979 949 1026 devorandae
961 978 1028 1026 nabis
1040 985 1107 1038 sunt,
1121 995 1172 1028 non

111 1044 207 1108 serebat
216 1045 406 1107 iracundiasque
413 1045 544 1108 respuebat,
554 1043 704 1102 dvencorose,
713 1051 742 1091 ut
743 1043 889 1107 putabatur,
895 1043 945 1091 siue
953 1043 1058 1106 ingenuo
1058 1043 1171 1109 firstidia.

166 1128 185 1173 l.
197 1130 221 1174 e
254 1137 308 1174 non
319 1126 398 1186 nulls]
414 1140 449 1175 sc.
462 1124 640 1190 philosophi
652 1125 700 1173 and
714 1124 850 1174 homines
861 1123 964 1175 severi.

166 1209 185 1255 l
210 1211 233 1254 o.
268 1209 392 1254 delectati
410 1218 440 1253 re
462 1217 512 1255 sue
532 1205 671 1267 tammari]
698 1206 813 1255 ‘content
839 1204 902 1254 with
925 1203 1078 1270 (maneging)
1107 1204 1172 1254 their

119 1272 216 1336 private
228 1271 320 1320 estate’
331 1273 344 1330 5
356 1287 386 1336 92
399 1270 416 1318 l.
431 1283 469 1331 27.

168 1355 249 1412 5¹70.
284 1355 355 1410 quod
375 1351 493 1412 regibus]
521 1351 577 1400 The
595 1350 676 1402 Stoics
695 1349 828 1414 (Stobaeus
850 1351 895 1401 ecl.
916 1350 965 1400 eth
989 1366 1015 1415 p.
1035 1347 1091 1416 ττ4)
1111 1351 1171 1402 held

119 1420 196 1475 τρεῖς
214 1417 272 1464 εἶναι
287 1418 359 1478 βίους,
378 1417 421 1462 τὸν
437 1413 606 1476 βασιλικόν,
627 1415 671 1466 τόν
688 1417 818 1476 πολιτικόν,
838 1415 880 1463 τίν
896 1415 1086 1475 ἐπιστημονικόν.
1123 1417 1170 1482 Cp.

120 1482 180 1530 Sall.
195 1482 307 1545 Iugurth.
321 1496 358 1543 31,
372 1479 403 1530 26
414 1481 515 1544 impunc
523 1481 643 1544 quaelibet
644 1481 729 1544 facere
738 1481 767 1529 id
774 1488 809 1528 est
819 1497 911 1544 regem
922 1496 969 1529 esse
975 1497 987 1540 ,·
1006 1481 1079 1529 Plato
1091 1481 1167 1545 Gorg.

119 1562 145 1610 p.
158 1545 205 1612 469
217 1559 233 1595 c
246 1545 298 1594 ἀλλ’
312 1549 392 1607 ἔγωγε
404 1542 568 1607 (τυραννεύειν)
580 1547 652 1594 τοῦτο
666 1548 741 1607 λέγω,
757 1547 844 1604 ἐξεῖναι
858 1547 884 1593 ἐν
896 1546 928 1606 τῇ
939 1544 1010 1592 πόλει
1021 1547 1034 1594 ἃ
1051 1545 1086 1593 ἂν
1102 1545 1171 1606 δοκῇ

119 1629 137 1656 τ
142 1609 259 1671 ράττειν
281 1613 321 1660 καί
343 1611 507 1660 άτοκτιννύντι
528 1612 569 1659 καί
588 1607 733 1674 ἐνεβάλλοντο
749 1612 789 1659 καί
806 1609 886 1658 πάντα
903 1609 1033 1674 πράττοντι
1048 1611 1111 1659 κατὰ
1127 1607 1171 1672 τὴν

119 1677 206 1724 ἑαυτοῦ
217 1675 294 1735 δόξαν.

166 1762 183 1805 l
198 1762 219 1806 t.
252 1761 377 1807 ubertate
387 1757 539 1818 uterentur]
557 1763 642 1823 repeat
653 1764 683 1806 ut
692 1757 755 1806 from
767 1757 809 1807 the
821 1757 956 1823 preceding
966 1773 1005 1807 ne.

165 1842 184 1887 l.
198 1845 218 1888 7.
248 1841 323 1886 nune
333 1842 471 1896 proprium
482 1843 523 1887 eet
534 1842 572 1887 elo
582 1843 678 1898 slvere,
688 1843 721 1888 ut
730 1839 807 1899 velle]
818 1839 921 1888 Aristot.
934 1838 987 1887 Pol.
998 1850 1017 1886 v
1031 1853 1068 1895 τι,
1081 1855 1094 1888 τ
1108 1840 1132 1887 ἓν
1145 1840 1171 1889 el

119 1901 227 1966 (σηιιεΐον
246 1906 288 1962 τῆς
308 1903 448 1966 ἐλευθερίας)
468 1901 497 1951 τὸ
520 1904 550 1953 ὡς
570 1901 712 1964 βούλεταί
734 1919 778 1951 τις
800 1902 861 1966 ζῇν·
882 1904 954 1951 τοῦτο
972 1905 1022 1964 γὰρ
1040 1906 1083 1963 τῆς
1106 1906 1170 1952 ἐλευ·

119 1971 195 2025 θερίας
215 1971 285 2029 ἔργον
304 1969 363 2015 εἶναί
381 1976 461 2028 φασιν,
481 1968 535 2017 Cic.
555 1969 642 2017 Parad.
663 1979 683 2015 v
701 1970 715 2027 5
736 1983 768 2030 34
787 1967 902 2030 quidest
922 1968 1039 2018 libertus?
1064 1970 1171 2018 Potestas

118 2034 241 2083 uiuendi
252 2040 284 2081 ut
294 2033 377 2094 velis,
391 2033 434 2083 ie.
446 2033 473 2082 in
484 2048 530 2082 our
540 2033 616 2096 being
626 2049 642 2082 a
652 2031 701 2082 law
712 2041 739 2082 to
750 2032 881 2082 ourselves.

517 2177 690 2228 CHAPTER
708 2178 775 2227 XXI

166 2289 225 2350 hoo]
241 2305 275 2339 sc.
287 2291 445 2355 propositum,
458 2290 504 2342 l.e.
516 2291 712 2349 elementariis,
724 2291 806 2341 which
817 2290 839 2341 is
850 2290 923 2356 again
934 2289 1042 2341 referred
1053 2298 1079 2341 to
1090 2290 1116 2340 in
1128 2291 1170 2340 the

118 2354 149 2403 id
156 2355 325 2420 immediately
336 2358 470 2422 following.

166 2439 185 2482 1.
198 2441 221 2484 8.
254 2440 288 2485 lle
300 2450 364 2493 quoe
376 2441 431 2486 dlxl
441 2437 545 2500 otloele]
564 2436 621 2487 ‘the
633 2437 754 2488 aforesaid
766 2453 824 2487 men
841 2436 871 2488 of
883 2436 976 2487 retired
991 2436 1093 2495 habits,'
1112 2436 1177 2487 ‘em'

118 2501 199 2564 gaged
211 2502 237 2549 in
248 2517 282 2550 no
293 2503 379 2566 public
390 2501 520 2552 business.'
555 2503 596 2553 On
608 2503 650 2554 the
661 2505 779 2568 meaning
789 2503 818 2553 ol
826 2505 913 2554 otiosus
924 2519 966 2552 see
978 2515 1011 2552 111
1024 2504 1036 2562 5
1050 2518 1060 2551 1
1073 2519 1098 2552 n.

165 2585 183 2630 l.
197 2588 233 2631 10.
270 2589 297 2633 et
306 2585 488 2644 euoetparvo]
501 2585 541 2633 i.e.
551 2593 578 2634 et
587 2602 640 2635 suo
651 2594 680 2635 et
690 2602 725 2635 eo
734 2601 834 2651 parvo.
857 2586 913 2635 The
920 2584 1063 2651 expression
1071 2600 1129 2650 may
1137 2584 1170 2634 be

118 2646 248 2696 borrowed
257 2647 321 2697 from
333 2650 376 2697 the
389 2650 509 2698 Homeric
521 2651 603 2711 ὀλίγον
614 2669 641 2698 τε
652 2654 725 2711 φίλον
734 2669 763 2699 τε
775 2651 816 2714 (ll.
833 2662 843 2700 1
858 2649 920 2715 167).

166 2731 319 2789 5¹71‚1.1·l.
355 2733 389 2778 tls
403 2734 518 2780 toreltan
535 2733 726 2780 eoncedendum
737 2736 773 2781 stt
783 2744 841 2780 sem
851 2744 876 2786 o.
891 2743 946 2779 non
961 2730 1169 2790 capessentibus]

121 2794 241 2857 ‘perhaps
258 2811 296 2843 we
312 2804 377 2844 must
400 2812 488 2845 excuse
511 2796 578 2845 them
601 2797 639 2844 for
661 2806 704 2845 not
727 2797 814 2860 taking
836 2803 891 2860 part
913 2797 940 2844 in
962 2796 1046 2859 public
1069 2793 1169 2854 affairs,’

118 2858 162 2906 Gr.
188 2861 359 2919 συγχωρητέον
379 2862 473 2910 ἐκείνοις
488 2864 522 2921 μὴ
539 2863 672 2909 κοινωνοῦσι
692 2861 856 2924 (Donaldson,
876 2861 940 2909 New
958 2861 1075 2923 Cratylus
1091 2863 1104 2920 5
1123 2858 1170 2923 306

118 2924 158 2970 ed.
175 2922 209 2984 a).
243 2925 297 2972 'l‘he
312 2926 478 2974 construction
495 2926 516 2974 is
531 2941 647 2975 common
664 2926 690 2973 in
708 2926 792 2975 Greek
807 2925 868 2974 aiter
882 2926 953 2974 verbs
965 2925 1025 2973 such
1036 2940 1063 2973 as
1074 2927 1169 2987 τρέπει,

118 2989 247 3043 λυσιτελεῖ,
260 2985 354 3046 ἄμεινόν
367 2991 426 3050 ἐστι,
438 2991 554 3051 συμφέρει
568 2990 596 3053 (e.
602 3007 627 3054 g.
641 2991 719 3055 Soph.
733 2990 797 3040 Oed.
811 2990 842 3038 R.
860 2988 906 3052 316
918 2991 963 3050 φεῦ
974 2991 1021 3048 φεῦ
1036 2992 1130 3049 φρονεῖν
1141 2987 1170 3038 ὠς

119 3054 192 3100 δεινὸν
204 3055 260 3100 ἔνθα
272 3053 306 3111 μή
320 3055 393 3113 τέλη
403 3052 465 3103 λῦει
481 3055 645 3117 φρονοῦντι,
663 3055 756 3105 ‘where
770 3055 790 3103 it
803 3055 863 3103 does
877 3062 922 3103 not
935 3069 983 3118 pay
994 3062 1021 3102 to
1035 3055 1068 3104 be
1079 3052 1169 3113 wise‘),

118 3117 161 3164 but
174 3118 202 3165 of
214 3133 267 3166 rare
282 3134 427 3168 occurrence
443 3119 469 3167 in
485 3119 573 3168 Latin:
590 3135 628 3168 we
639 3120 702 3168 have
714 3120 819 3168 another
830 3119 939 3168 instance
951 3119 976 3166 in
989 3119 1064 3167 Tusc.
1078 3120 1125 3177 115
1140 3132 1169 3181 19

117 3182 210 3244 adspice
228 3183 395 3242 Philoctetam,
414 3183 456 3231 cui
475 3185 685 3232 concedendum
707 3191 749 3233 est
766 3184 902 3247 gementi.
938 3183 980 3232 On
996 3183 1117 3231 coctcedere
1132 3182 1171 3230 sor

117 3245 277 3308 ignoscere
289 3263 327 3310 cp.
340 3264 386 3311 pro
399 3248 426 3297 S.
440 3249 513 3297 Rosc.
526 3251 539 3308 5
552 3264 566 3311 3
577 3256 707 3297 ceterorum
720 3256 805 3296 temere
820 3248 881 3296 dicto
897 3247 1022 3296 concedi
1030 3254 1115 3311 potest,
1127 3262 1166 3310 ep.

118 3312 151 3359 ad
163 3311 220 3359 sam.
235 3324 265 3360 vl
277 3312 292 3361 6
303 3313 327 3360 si
337 3313 388 3372 tibi,
402 3313 443 3360 cui
454 3314 542 3360 iustius
552 3313 652 3361 videtur
662 3313 818 3376 t'rasciposse,
832 3312 1027 3361 concesserit.

165 3394 183 3439 l
206 3396 243 3440 19,
280 3395 418 3441 excellenti
433 3393 550 3453 lneenlo]
568 3393 716 3461 descriptive
732 3392 840 3442 ablative
857 3392 887 3441 ol
902 3393 1004 3457 quality,
1027 3391 1170 3457 dependent

117 3469 151 3504 on
162 3471 225 3504 cum
238 3465 338 3506 essent
349 3458 452 3520 implied
462 3458 489 3506 in
500 3459 551 3521 qui.

164 3537 182 3647 p
197 3539 235 3658 ²5⁰⁹
267 3539 359 3649 pllqpe.
374 3538 495 3592 melote
512 3536 602 3599 cauea]
618 3550 652 3588 sc.
671 3535 739 3597 elia,
760 3539 840 3585 ‘some
856 3534 928 3585 other
941 3533 1050 3600 weighty
1064 3531 1170 3592 reason,’

116 3612 157 3648 see
180 3614 195 3647 0
232 3614 262 3661 23
285 3617 316 3649 .1
337 3637 342 3650 .

164 3681 183 3726 1.
196 3685 231 3729 21.
266 3692 284 3728 a
293 3694 322 3730 re
333 3684 439 3739 publice
452 3681 629 3743 recesserunt]
648 3682 726 3732 ‘have
742 3682 832 3732 retired
847 3680 910 3730 from
924 3679 967 3730 the
982 3679 1074 3729 service
1085 3681 1114 3729 os
1127 3679 1169 3730 the

116 3743 196 3792 etate)
232 3744 344 3795 Observe
360 3747 402 3795 the
418 3747 549 3809 repetition
567 3747 596 3796 ol
609 3748 652 3796 the
667 3748 728 3796 verb
743 3747 1106 3804 concedendum-concederent,
1119 3745 1169 3794 and

116 3823 157 3874 cp.
168 3811 182 3868 5
193 3828 225 3871 44
236 3811 486 3869 videre-uideantur,
499 3814 512 3871 5
526 3827 535 3859 1
541 3827 570 3874 33
581 3812 807 3861 uicit—uincerent.

128 3888 130 3892 '
165 3895 233 3943 lat.
266 3895 362 3951 qulbus
373 3889 548 3953 elt1‘persons
559 3886 811 3951 whohave,’Madr.
825 3887 1056 3954 Gramion.
