2580 4184
132 194 153 254 ‘1
168 208 224 254 xii
241 189 312 274 149]
455 199 598 253 atavam
618 194 730 271 speo'em
745 193 867 272 pertinet
1148 214 1185 276 53

128 386 132 395 ·
160 397 203 440 w,
219 396 296 441 ,mm
312 397 351 441 ob-
370 364 372 368 ’
391 386 493 428 eorum
513 378 582 444 apte
603 368 663 439 fiat,
685 366 759 446 quid
778 369 817 428 ab
836 367 935 430 officio
950 380 1115 448 naturaque
1131 372 1188 432 dis-

134 449 353 550 ffisshfflffi
392 473 501 540 crepet.
545 463 616 538 Quo
637 461 668 523 in
688 482 795 541 genere
811 482 872 523 non
891 474 937 525 est
952 463 1177 527 incommodum

130 549 350 645 ffiffiffldofflfi
391 562 478 640 quale
494 560 626 639 quidque
640 580 743 622 eorum
763 561 808 635 sit,
826 577 865 622 ex
882 561 947 623 aliis
961 561 1100 638 iudicare,
1115 575 1148 626 ut
1162 565 1187 624 si
1226 643 1229 649 ι

134 649 219 698 aives:
390 656 462 734 quid
488 658 632 718 dedeceat
652 657 683 717 in
704 657 761 717 illis
783 657 910 718 vitemus
930 656 995 736 ipsi
1038 660 1086 720 Fit
1105 658 1186 721 enim

133 747 239 811 nescio
252 753 405 828 quomodo
420 764 453 813 ut
471 753 564 832 magis
583 753 614 814 in
631 753 696 814 aliis
715 773 869 814 cernamus
883 774 974 831 quam
989 753 1021 814 in
1035 755 1184 818 nobismet
1214 772 1229 823 5

132 844 216 923 ipsis,
230 846 342 925 siquid
355 849 543 927 delinquitur.
588 852 695 928 Itaque
714 850 852 912 facillime
876 851 1060 929 corriguntur
1078 853 1110 913 in
1129 853 1187 914 dis

130 944 243 1017 cendo,
274 963 401 1022 quorum
429 947 500 1008 vitia
530 947 683 1008 imitantur
710 948 892 1009 emendandi
922 967 1014 1008 causa
1042 950 1183 1028 magistri.

134 1085 350 1129 mmmm
390 1057 455 1118 147.
475 1046 542 1104 Nec
554 1063 625 1104 vero
639 1043 771 1104 alienum
784 1054 830 1104 est
845 1044 885 1103 ad
899 1063 935 1103 ea
949 1043 1093 1122 eligenda,
1105 1065 1183 1122 quae

134 1137 351 1229 fflffgggffi
387 1140 605 1202 dubitationem
620 1145 756 1215 afferunt,
771 1141 912 1202 adhibere
928 1143 1033 1203 doctos
1047 1143 1184 1205 homines

135 1221 349 1339 2223&ng
386 1238 434 1297 vel
455 1237 545 1297 etiam
570 1257 624 1298 usu
646 1237 757 1315 peritos
780 1249 810 1299 et
842 1238 916 1315 quid
937 1238 973 1299 iis
1001 1240 1040 1299 de
1063 1259 1183 1317 quoque
1198 1267 1227 1302 ιο

134 1338 197 1390 dutr-
386 1332 475 1393 officii
494 1353 602 1410 genere
624 1336 741 1412 placeat
774 1334 937 1413 exquirere.
981 1335 1080 1396 Maior
1103 1336 1183 1398 enim

126 1435 262 1511 'pars-„eo
286 1431 347 1490 sere
369 1428 474 1490 deferri
495 1431 578 1507 solet,
596 1450 657 1507 quo
680 1450 699 1490 a
719 1443 825 1491 natura
847 1432 913 1508 ipsa
936 1432 1098 1493 deducitur.
1145 1435 1182 1494 In

134 1525 242 1603 quibus
261 1525 424 1606 videndum
445 1536 490 1586 est
510 1545 572 1586 non
594 1527 687 1587 modo
710 1525 782 1604 quid
806 1528 933 1605 quisque
960 1530 1105 1606 loquatur,
1128 1531 1182 1590 sed

134 1622 224 1682 etiam
239 1621 312 1699 quid
331 1622 455 1700 quisque
475 1623 581 1683 sentiat
600 1634 689 1700 atque
708 1623 797 1684 etiarn
816 1644 876 1702 qua
895 1625 933 1685 de
952 1644 1041 1685 causa
1054 1625 1181 1704 quisque

134 1718 250 1779 sentiat.
295 1720 338 1779 Ut
356 1718 437 1778 enim
455 1719 582 1795 pictores
603 1731 633 1780 et
651 1719 672 1778 ii
691 1719 745 1800 qui⁸
760 1719 844 1797 signa
862 1719 1041 1781 fabricantur
1062 1732 1092 1782 et
1110 1741 1180 1782 vero
1197 1741 1224 1790 ¹5

135 1815 226 1875 etiam
244 1817 351 1891 poitae
370 1833 455 1874 suum
475 1816 600 1892 quisque
620 1836 694 1893 opus
715 1836 733 1876 a
751 1819 840 1894 vulgo
853 1817 1032 1879 considerari
1049 1819 1120 1892 vult,
1139 1830 1180 1892 ut,

136 1908 245 1987 siquid
258 1912 467 1987 reprehensum
482 1911 519 1971 sit
533 1932 552 1971 a
564 1909 705 1989 pluribus,
718 1913 749 1972 id
763 1913 929 1990 corrigatur,
944 1912 1024 1990 iique
1038 1924 1068 1973 et
1078 1933 1181 1974 secum

126 2017 166 2068 -et
191 2027 230 2068 ex
251 1992 316 2066 aliis
337 2007 410 2084 quid
432 2008 462 2068 in
485 2028 522 2069 eo
544 2020 701 2085 peccatum
727 2009 764 2069 sit
788 2008 964 2084 exquirunt:
991 2009 1034 2069 sic
1055 2009 1180 2095 aliorum

134 2102 512 2188 iudiciolpermulta'nobis
527 2117 556 2166 et
570 2106 707 2166 facienda
725 2118 755 2166 et
769 2126 831 2168 non
845 2106 981 2166 iacienda
993 2117 1024 2167 et
1037 2109 1180 2179 mutanda

160 2183 197 2259 rio
237 2215 350 2258 immons
388 2214 418 2262 et
444 2202 618 2280 corrigenda
645 2215 721 2264 sunt.
772 2206 836 2276 148.
879 2205 966 2279 Quae
992 2222 1062 2264 vero
1096 2223 1178 2264 more
1194 2230 1225 2267 πο

134 2279 171 2308 are
197 2267 295 2317 required
317 2267 349 2308 lor
533 2298 539 2311 .
592 2299 598 2310 .
649 2300 655 2312 .
773 2300 779 2312 .
803 2301 830 2311 ..
985 2299 1002 2312 ..
1062 2299 1068 2312 .
1094 2299 1100 2312 .

135 2317 205 2368 points
222 2316 298 2357 setini
320 2317 350 2367 by
387 2311 511 2376 agentur
531 2311 732 2376 institutisque
753 2300 895 2374 eivilibuS,
925 2301 963 2360 de
984 2320 1018 2360 iis
1040 2301 1112 2360 nihil
1133 2311 1178 2361 est

134 2366 349 2466 ξιῖῗὲἒέἶὲῑάψῐῗιῗέἷιξ
387 2394 628 2473 praecipiendum
644 2417 652 2456 ε
686 2394 735 2455 illa
748 2394 828 2456 enim
843 2395 908 2473 ipsa
921 2408 1078 2474 praecepta
1101 2411 1178 2473 sunt,

134 2466 350 2558 fflssffissfflssiffl
387 2511 444 2552 nec
460 2511 640 2568 quemquam
660 2493 719 2553 hoc
740 2514 836 2557 errore
855 2494 925 2554 duci
946 2506 1070 2572 oportet,
1092 2506 1134 2570 ut,
1154 2495 1179 2556 si

133 2567 351 2658 ffiffiffi'.
388 2587 463 2666 quid
490 2590 623 2648 Socrates
651 2600 701 2649 aut
728 2589 895 2667 Aristippus
929 2603 1032 2651 contra
1066 2611 1179 2652 morem

133 2667 276 2759 'ww
297 2680 345 2718 μ’·
384 2685 692 2762 consuetudinemque
707 2685 824 2747 civilem
839 2687 960 2748 fecerint
971 2687 1098 2750 locutive
1113 2689 1179 2763 sint,
1192 2714 1203 2746 ι
1207 2712 1221 2762 5

133 2785 214 2847 idem
232 2785 290 2846 sibi
308 2784 463 2844 arbitretur
481 2783 590 2842 licere:
625 2783 739 2860 magnis
759 2784 800 2844 illi
820 2795 849 2844 et
868 2783 975 2845 divinis
994 2785 1081 2847 bonis
1102 2787 1180 2846 hanc

133 2881 284 2943 licentiam
301 2882 542 2958 assequebantur.
586 2880 767 2958 Cynicorum
784 2900 854 2941 vero
870 2882 945 2942 ratio
965 2893 1028 2943 tota
1048 2894 1092 2944 est
1112 2883 1180 2945 eici·

133 2981 230 3042 enda:
258 2990 303 3041 est
323 2978 403 3040 enim
427 2976 548 3037 inimica
570 2977 773 3052 verecundiae,
797 2976 860 3038 sine
885 2997 945 3056 qua
967 2978 1042 3038 nihil
1066 2992 1178 3040 rectum

134 3110 201 3152 Rq„
216 3110 281 3151 abo„
297 3122 346 3160 pm,
385 3092 449 3133 esse
462 3083 569 3149 potest,
586 3071 659 3131 nihil
673 3073 840 3133 honestum.
887 3093 950 3149 149.
995 3076 1055 3134 Eos
1068 3085 1176 3146 autem,

133 3161 347 3253 {ssiltgfvffismss
383 3189 509 3247 quorum
528 3169 588 3229 vita
606 3180 760 3247 perspecta
778 3170 809 3229 in
831 3171 919 3231 rebus
937 3171 1070 3232 honestis
1089 3184 1177 3250 atquc
1191 3185 1222 3233 30

133 3261 197 3304 ‘¹¹⁶⁵
382 3265 496 3344 magnis
516 3277 571 3340 est,
600 3268 677 3327 bene
701 3268 741 3327 de
761 3286 792 3327 re
812 3267 932 3343 publica
955 3268 1116 3329 sentientes
1142 3289 1178 3329 ac

131 3363 210 3424 bene
231 3362 352 3424 meritos
371 3374 423 3423 aut
440 3375 587 3424 merentes
606 3363 657 3436 sic,
680 3374 713 3423 ut
731 3364 832 3441 aliquo
852 3366 966 3426 honore
987 3376 1037 3425 aut
1050 3364 1175 3442 imperio

131 3462 263 3533 affectos,
286 3461 441 3520 observare
462 3470 493 3520 et
508 3461 607 3520 colere
624 3460 777 3534 debemus,
799 3459 925 3521 tribuere
942 3460 1030 3521 etiam
1051 3463 1177 3522 multum

131 3556 284 3629 senectuti,
307 3557 413 3616 cedere
434 3554 469 3617 iis
489 3555 540 3630 qui
559 3554 763 3632 magistratum
781 3556 944 3628 habebunt,
963 3557 1072 3617 habere
1089 3557 1177 3618 dilec-

130 3664 193 3714 tum
218 3652 291 3714 civis
319 3663 349 3713 et
370 3650 517 3730 peregrini
547 3650 578 3711 in
602 3650 727 3729 ipsoque
755 3651 908 3741 peregrino
934 3653 1109 3730 privatimne
1136 3675 1175 3715 an
1188 3665 1217 3715 35

177 3814 208 3860 ιε
223 3817 250 3858 et
256 3811 291 3858 ab
298 3810 402 3858 alilsBa
408 3810 493 3859 lr'et‘us
499 3809 561 3862 Mu¹
568 3828 628 3863 cum
639 3811 716 3865 codice
724 3825 751 3879 a,
762 3820 856 3866 etcum
866 3810 990 3866 atterum
1000 3819 1055 3866 cett.
1064 3812 1134 3865 codd.
1145 3812 1197 3869 oft

115 3888 246 3935 etexalr'is
259 3889 346 3952 Unger
352 3888 418 3939 Mu²
