2580 4184
142 193 201 253 tro
406 190 456 250 De
473 186 637 248 contentione
653 187 776 246 Honesti
793 190 820 246 rt
844 183 932 247 tontis
1018 181 1184 267 [IIIv13o

143 351 357 444 {ffmffiffiimffi
392 349 494 411 cibum
519 349 611 423 alteri,
639 350 753 410 homini
780 352 819 411 ad
853 352 965 411 nullam
993 368 1056 410 rem
1083 349 1179 411 utilit’

143 433 188 494 ⁸0¹’v
382 439 520 522 [Minime
546 465 623 508 vero.
667 448 738 507 Non
762 445 842 506 enirn
865 445 939 506 mihi
965 456 1011 506 est
1031 444 1092 505 vita
1118 463 1186 505 mea

142 543 240 604 utilior
253 561 343 621 quam
356 541 448 603 animi
461 541 526 601 talis
540 540 676 615 adfectio,
691 541 842 602 neminem
856 552 889 601 ut
903 540 1012 602 violem
1029 539 1182 600 commodi

144 639 202 702 mei
212 639 324 725 gratia].
335 638 447 715 ‘Quidi
457 637 482 697 si
492 636 646 711 Phalarim,
656 639 807 698 crudelem
815 649 971 714 tyrannum
980 648 1009 697 et
1020 636 1178 709 inmanem,

141 736 311 810 virbonus,
334 755 372 796 ne
393 734 455 812 ipse
475 733 579 811 frigore
599 733 780 806 conficiatur,
800 733 908 795 vestitu
932 733 1058 810 spoliare
1080 730 1181 809 possit,
1212 753 1226 803 5

142 851 241 893 nonne
254 831 374 892 faciat?'
409 833 495 891 Haec
509 831 548 891 ad
561 829 754 890 iudicandum
768 841 836 890 suut
850 829 995 889 facillima
1032 848 1079 904 30.
1102 830 1182 888 Nam

189 989 194 1000 ,
390 927 414 988 si
428 927 501 1004 quid
515 929 553 988 ab
567 927 689 988 homine
703 927 743 988 ad
762 929 873 986 nullam
892 939 1005 1004 partem
1023 926 1088 986 utili
1108 923 1183 985 utili·

141 989 225 1098 suiiii
236 988 354 1081 iniiam
390 1021 457 1082 tatis
481 1032 550 1083 tuae
576 1041 665 1082 causa
691 1020 859 1094 detraxeris,
887 1020 1050 1081 inhumane
1076 1018 1180 1080 feceris

141 1089 217 1131 ”um
391 1130 694 1197 contraquenaturae
714 1121 824 1196 legem:
849 1117 894 1178 sin
916 1128 1015 1179 autem
1037 1117 1062 1177 is
1084 1128 1116 1177 tu
1133 1117 1181 1190 sis,

142 1210 194 1288 qui
207 1213 329 1272 multam
343 1213 498 1275 utilitatem
511 1214 553 1275 rei
569 1212 705 1291 publicae
721 1225 810 1290 atque
823 1213 978 1274 hominum
995 1210 1137 1283 societati,
1154 1209 1178 1270 si
1198 1233 1226 1270 ro

142 1306 173 1366 in
187 1308 247 1367 vita
259 1328 417 1383 remaneas,
433 1312 547 1378 adferre
556 1309 660 1386 possis,
687 1309 712 1369 si
726 1310 799 1387 quid
813 1311 852 1370 ob
873 1328 939 1370 eam
958 1327 1078 1368 causam
1100 1305 1183 1368 alteri

143 1404 307 1480 detraxeris,
323 1426 383 1467 non
398 1406 435 1467 sit
448 1407 732 1484 reprehendendum
766 1406 817 1467 Sin
832 1417 931 1466 autem
945 1405 977 1466 id
991 1424 1053 1467 non
1067 1403 1104 1464 sit
1118 1403 1181 1464 eius

143 1500 233 1574 modi,
243 1520 329 1561 suum
343 1503 449 1581 cuique
462 1502 688 1564 incommodum
702 1503 856 1563 ferendum
869 1512 914 1562 est
928 1500 1026 1579 potius
1040 1520 1129 1577 quam
1144 1501 1182 1563 de
1202 1525 1206 1532 ·

141 1595 259 1656 alterius
272 1596 438 1658 commodis
452 1598 676 1659 detrahendum.
719 1599 790 1657 Non
812 1597 899 1674 igitur
912 1595 1005 1674 magis
1019 1607 1064 1656 est
1077 1607 1180 1656 contra

88 1728 97 1744 ι
142 1702 276 1750 naturam
290 1695 409 1753 morbus
423 1703 473 1753 aut
486 1705 600 1770 egestas
610 1704 660 1752 aut
674 1692 748 1770 quid
762 1692 824 1753 eius
838 1691 921 1752 modi
934 1711 1024 1769 quam
1038 1691 1180 1753 detractio
1195 1711 1222 1760 15

142 1799 231 1864 atque
245 1788 385 1865 appetitio
398 1788 495 1862 alieni,
511 1790 565 1850 sed
578 1789 744 1849 communis
758 1788 891 1848 utilitatis
910 1786 1061 1849 derelictio
1078 1800 1181 1849 contra

143 1895 276 1942 naturam
296 1895 350 1957 est,
371 1896 416 1945 est
436 1884 516 1945 enim
536 1883 651 1944 iniusta
694 1903 741 1960 31.
775 1886 881 1960 Itaque
900 1886 948 1944 lex
967 1883 1031 1960 ipsa
1051 1896 1179 1959 naturae,

143 1998 219 2055 quae
233 1978 388 2039 utilitatem
402 1980 557 2040 hominum
578 1991 731 2040 conservat
749 1991 779 2040 et
799 1979 940 2053 continet,
956 1981 1096 2041 decernet
1116 2001 1181 2058 pro-

141 2075 228 2146 iecto,
243 2085 276 2134 ut
293 2074 331 2135 ab
351 2074 472 2135 homine
492 2075 577 2136 inerti
597 2087 687 2152 atque
706 2074 802 2134 inutili
822 2075 862 2134 ad
885 2074 1055 2152 sapientem,
1069 2076 1188 2152 bonum,

141 2171 247 2229 fortem
260 2169 355 2230 virum
373 2173 581 2231 transferantur
596 2191 642 2232 res
656 2172 696 2231 ad
708 2170 868 2232 vivendum
885 2171 1074 2244 necessariae,
1090 2171 1141 2249 qui
1155 2171 1180 2231 si
1193 2195 1224 2230 20

141 2264 290 2337 occiderit,
308 2267 435 2325 multum
448 2267 486 2327 de
505 2266 656 2327 communi
676 2266 801 2328 utilitate
816 2267 1103 2328 detraxerit—modo
1122 2269 1180 2327 hoc

86 2406 88 2409 .
140 2359 183 2419 ita
196 2360 291 2434 saciat,
301 2372 333 2420 ut
347 2380 385 2421 ne
398 2360 461 2438 ipse
475 2362 513 2422 de
527 2381 559 2422 se
570 2361 645 2423 bene
656 2362 825 2423 existimans
836 2381 960 2439 seseque
971 2362 1095 2441 diligens
1103 2365 1180 2423 hanc

141 2475 262 2519 causam
280 2457 386 2517 habeat
402 2458 442 2517 ad
459 2456 602 2518 iniuriam.
645 2460 693 2518 Ita
706 2477 822 2535 semper
835 2458 933 2518 officio
947 2459 1083 2536 fungetur
1106 2460 1181 2520 utili-

140 2551 194 2612 tati
204 2552 523 2613 consulenshominum
532 2553 606 2628 etei,
619 2573 708 2631 quam
717 2573 805 2630 saepe
813 2573 1024 2628 commemoro,
1033 2556 1181 2616 humanae

174 2710 189 2753 s
243 2710 257 2752 d
298 2710 353 2753 cm
390 2650 530 2712 societati.
573 2671 620 2727 32·
651 2653 729 2711 Nam
744 2652 826 2728 quod
844 2652 884 2711 ad
901 2651 1049 2712 Phalarim
1066 2653 1177 2726 attinet,
1192 2673 1221 2722 25

139 2724 354 2821 colaiiiieaanaaa
390 2745 526 2823 perfacile
539 2745 682 2807 iudicium
694 2758 747 2808 est.
791 2749 881 2807 Nulla
901 2760 946 2808 est
960 2748 1040 2808 enim
1054 2747 1179 2809 societas

135 2812 247 2859 'tenum
390 2841 475 2901 nobis
496 2861 564 2901 cum
582 2841 720 2920 tyrannis,
734 2854 765 2903 et
782 2843 880 2920 potius
899 2863 1015 2904 summa
1031 2842 1180 2904 distractio

141 2947 194 3008 est,
216 2955 313 3012 neque
333 2947 377 2997 est
397 2948 499 2997 contra
521 2949 655 2998 naturam
674 2939 798 3015 spoliare
820 2959 898 3012 eum,
919 2939 944 2999 si
963 2940 1067 3017 possis,
1088 2959 1179 3018 quem

140 3044 185 3092 est
199 3032 357 3092 honestum
375 3052 488 3106 necare,
510 3043 600 3109 atque
616 3034 675 3094 hoc
687 3053 777 3095 omne
789 3055 883 3113 genus
901 3035 1072 3112 pestiferum
1086 3048 1176 3114 atque

140 3127 263 3205 impium
277 3148 314 3188 ex
326 3128 481 3189 hominum
495 3128 706 3189 communitate
720 3130 975 3191 exterminandum
986 3143 1039 3193 est
1062 3133 1179 3194 Etenim
1193 3152 1224 3203 30

140 3235 173 3282 ut
193 3225 327 3284 membra
346 3225 492 3301 quaedam
510 3236 708 3301 amputantur,
724 3223 749 3286 si
768 3236 799 3285 et
815 3225 879 3302 ipsa
900 3226 1042 3302 sanguine
1062 3238 1092 3288 et
1109 3238 1181 3288 tam·

140 3337 230 3397 quam
257 3318 359 3396 spiritu
386 3339 484 3381 carere
511 3332 680 3398 coeperunt,
709 3330 739 3382 et
766 3333 875 3381 nocent
901 3321 1021 3399 reliquis
1048 3324 1179 3400 partibus

138 3587 247 3636 Bonnell
263 3589 307 3645 Or,
324 3604 387 3654 quae
402 3595 489 3638 vacent
506 3587 624 3638 iniustitia
640 3589 682 3638 Bo
696 3589 721 3639 Z
733 3595 830 3639 anctore
848 3588 976 3639 Uboldo'no.
1020 3595 1030 3650 ll
1069 3605 1083 3640 a
1107 3594 1181 3644 verba

139 3667 240 3716 minime
255 3668 394 3717 vero...mei
404 3667 483 3731 gratia
493 3674 523 3715 nt
532 3667 697 3730 repugnant&
707 3667 738 3716 tis
748 3683 810 3732 quoe
820 3669 833 3727 5
846 3681 877 3728 30
887 3669 1005 3718 do'cnntur
1013 3686 1068 3718 onor
1084 3672 1181 3735 [hogero

137 3749 232 3796 seclusit
241 3749 282 3796 Bo
287 3748 408 3811 probante
417 3749 497 3797 Heine
541 3751 551 3807 {l
590 3747 619 3800 16
634 3757 677 3800 aut
691 3749 811 3816 appetitio
824 3750 854 3798 St
867 3766 922 3799 cunr
932 3751 1025 3815 aliquot
1035 3751 1101 3801 tonis
1111 3753 1180 3802 codd·

122 3828 143 3882 t
174 3842 205 3890 ²7
222 3828 271 3876 sed
281 3827 370 3892 potius
390 3830 429 3880 Or
440 3834 529 3880 cotum
545 3828 612 3881 codd.
