2580 4184
46 183 82 224 η
273 167 324 226 De
341 168 458 229 secundo
478 169 563 246 officii
572 169 656 246 sinte
673 169 734 230 sive
751 171 872 230 Iustitia
938 167 966 250 [Ι
982 188 1040 231 v111
1058 172 1095 231 26

42 336 96 401 est,
111 328 165 387 sed
179 325 319 404 fugienda
332 349 449 408 semper
461 330 567 391 iniuria
580 303 645 392 esta
678 334 723 392 26.
768 334 911 392 Maxume
924 342 1025 393 autem
1045 336 1097 394 ad-

43 468 86 510 ,ΕΗ
94 483 152 512 more
164 471 222 512 osten
235 471 262 514 or
295 426 444 486 ducuntur
457 427 598 505 plerique,
610 441 643 488 ut
656 447 708 489 eos
723 427 849 488 iustitiae
863 428 960 506 capiat
974 429 1095 505 oblivio,
1123 435 1130 452 ’·

44 520 255 616 Glffflem
293 523 402 583 cumin
413 523 603 612 imperiofum
616 527 764 614 honorum
778 526 887 604 gloriae
902 527 1096 604 cupiditatem

42 621 168 666 ‘’sffiffl*
293 621 468 684 inciderunt
512 621 604 697 Quod
618 621 698 681 enim
712 631 756 681 est
769 623 851 699 apud
866 623 1017 684 Ennium:
1065 653 1074 671 ³·

477 733 551 783 nailla
567 741 652 784 sancta
667 733 770 793 socratas,
1127 751 1141 800 5

251 813 292 866 ndc
301 817 366 880 fides
382 815 452 890 regni
466 814 544 876 Ast,-

42 913 74 977 id
94 914 180 976 latius
200 926 290 994 patet.
334 916 414 974 Nam
433 912 579 990 quidquid
595 913 658 973 eius
677 913 760 974 modi
774 924 818 974 est
832 912 864 973 in
878 933 938 990 quo
951 933 1014 974 non
1029 933 1096 992 pos·

42 1012 101 1072 sint
120 1015 218 1090 plures
238 1014 390 1085 excellere,
412 1011 443 1070 in
465 1030 501 1071 eo
521 1013 554 1070 fit
574 1012 749 1087 plerumque
770 1021 852 1070 tanta
879 1010 1041 1085 contentio,
1062 1023 1095 1072 ut

43 1108 249 1169 difficillimum
273 1109 310 1169 sit
333 1126 446 1168 servare
467 1113 607 1166 ‘sanctam
635 1106 825 1169 societatem'.
867 1106 1036 1168 Declaravit
1062 1106 1096 1168 id

42 1206 135 1265 modo
164 1204 312 1267 temeritas
342 1207 376 1267 C.
400 1202 542 1276 Caesaris,
573 1201 624 1279 qui
652 1203 753 1264 omnia
776 1203 839 1262 iura
860 1203 959 1262 divina
986 1215 1016 1263 et
1042 1198 1142 1273 hu-10

42 1321 132 1361 mana
151 1301 288 1379 pervertit
309 1311 428 1378 propter
448 1319 527 1372 eum,
549 1318 638 1376 quem
650 1285 716 1361 ,sibi
736 1299 800 1377 ipse
821 1299 970 1376 opinionis
998 1319 1095 1361 errore

41 1399 173 1471 tinxerat,
193 1396 399 1475 principatum.
443 1398 496 1456 Est
517 1383 624 1455 autern*
645 1395 675 1455 in
703 1378 772 1457 hoc’
788 1416 896 1474 genere
923 1398 1093 1471 molestum,

42 1494 125 1572 quod
138 1493 168 1553 in
183 1493 318 1553 maximis
332 1491 438 1552 animis
453 1492 759 1571 splendidissimisque
774 1493 899 1569 ingeniis
919 1495 1096 1570 plerumque

42 1589 173 1650 existunt
199 1589 320 1650 honoris
344 1588 468 1666 imperii,
490 1588 641 1665 potentiae
661 1590 772 1667 gloriae
793 1588 978 1666 cupiditates.
1010 1591 1093 1666 Quo

41 1685 134 1764 magis
156 1687 321 1746 cavendum
336 1697 380 1746 est
395 1705 433 1745 ne
448 1684 521 1761 quid
535 1685 564 1744 in
581 1705 617 1746 eo
631 1705 739 1762 genere
753 1697 905 1762 peccetun
945 1703 992 1761 27.
1025 1678 1095 1747 'sed
1111 1716 1138 1765 15

66 1805 138 1845 There
147 1803 256 1855 isagreat
295 1782 325 1842 in
340 1781 421 1843 omni
436 1781 577 1841 iniustitia
590 1784 770 1859 permultum
784 1776 904 1843 inte'rest
919 1793 1016 1842 utrum
1030 1802 1095 1861 per-

40 1855 257 1896 distinctionbetween
392 1880 398 1892 .
510 1879 516 1889 ·
637 1879 644 1891 .
680 1879 687 1892 .
1070 1879 1076 1891 .

40 1919 124 1956 wrongs
133 1904 254 1946 committed
292 1883 460 1941 turbatione
480 1881 578 1955 aliqua
597 1896 789 1956 anrm1,quae
808 1882 982 1956 plerumque
997 1881 1094 1940 brevis

39 1955 254 2056 ξῗξξὲξῖξῗέζζξῗ
292 1990 336 2058 est
359 1989 387 2038 et
411 1979 451 2037 ad
475 1988 600 2053 tempus,
623 1997 661 2036 an
686 1978 823 2038 consulto
844 1989 874 2037 et
894 1976 1021 2054 cogitata
1042 1980 1095 2037 fiat

34 2056 168 2147 {jffichffl
188 2056 254 2146 {iffi
291 2073 404 2132 iniuria.
447 2072 573 2132 Leviora
593 2071 673 2132 enim
694 2084 763 2132 sunt
784 2092 820 2133 ea
840 2091 917 2149 quae
937 2073 1093 2149 repentino

41 2155 252 2208 mdpfffi‘dimed·
291 2170 392 2246 aliquo
412 2181 495 2228 motu
516 2167 663 2251 accidunt,
687 2167 776 2245 quam
797 2188 833 2228 ea
853 2178 930 2245 qu'ae
950 2171 1137 2240 meditatam

40 2281 70 2332 et
84 2282 256 2349 praeparata
270 2269 441 2342 inseruntur.
483 2267 529 2324 Ac
544 2265 582 2324 de
595 2264 749 2325 inserenda
763 2265 885 2343 quidem
899 2264 1004 2325 iniuria
1022 2268 1093 2330 satis

1 2379 27 2428 Χ
40 2368 153 2428 dictum
188 2379 241 2428 est.
300 2366 345 2423 28.
398 2349 677 2421 Praetermittendae
707 2373 807 2422 autem
835 2361 1016 2443 defensionis
1043 2366 1093 2426 de·

64 2465 86 2512 o·
113 2463 161 2504 The
178 2475 253 2504 causes
291 2458 467 2533 serendique
504 2456 594 2517 officii
627 2460 735 2534 pluresl
759 2460 856 2518 solent
883 2479 948 2520 esse
975 2479 1090 2522 causae.

40 2512 108 2553 which
121 2513 169 2553 lead
182 2522 203 2553 ro
217 2513 253 2552 the

36 2562 258 2664 {fissgssffissdsssssss}
292 2559 372 2616 Nam
400 2566 450 2614 aut
471 2553 638 2614 inimicitias
659 2567 709 2615 aut
730 2556 862 2616 laborem
883 2567 934 2616 aut
955 2570 1091 2635 sumptus

39 2662 255 2753 gtfvingoffencffiar
292 2651 439 2728 suscipere
461 2652 565 2711 nolunt
586 2661 636 2710 aut
657 2651 745 2711 etiam
767 2654 953 2729 neglegentia
973 2655 1091 2732 pigritia
1105 2688 1134 2738 25

40 2726 170 2804 ieniipiiff’
200 2726 214 2753 ⁰
230 2725 253 2753 Ψ
292 2748 396 2808 inertia
416 2758 467 2808 aut
488 2747 548 2807 suis
569 2748 672 2808 studiis
693 2748 872 2826 quibusdam
892 2751 1092 2828 occupationi-

39 2846 133 2904 busve
147 2842 189 2904 sic
202 2842 412 2921 impediuntur,
427 2855 460 2903 ut
474 2863 525 2903 eos
540 2863 615 2921 quos
630 2845 716 2904 tutari
731 2846 860 2905 debeant
874 2847 1007 2907 desertos
1025 2867 1091 2909 esse

37 2940 192 3018 patiantur.
245 2942 351 3017 Itaque
381 2940 544 3000 videndum
572 2953 615 3001 est
642 2961 682 3001 ne
712 2941 864 3002 nonsatis
891 2942 929 3002 sit
955 2943 988 3021 id
1008 2947 1091 3021 quod

38 3037 119 3113 apud
139 3037 298 3097 Platonem
319 3046 364 3097 est
384 3036 416 3096 in
435 3036 630 3114 philosophos
651 3036 778 3098 dictum:
799 3039 883 3115 quod
909 3038 940 3098 in
960 3039 1022 3101 veri
1049 3041 1092 3099 in-

36 3131 233 3208 vestigatione
253 3145 406 3192 versentur
428 3135 569 3210 quodque
590 3153 634 3207 ea,
650 3153 726 3210 quae
746 3135 880 3211 plerique
899 3120 1092 3198 vehementer
1104 3177 1135 3224 30

37 3238 190 3306 expetunt,
212 3229 250 3290 de
272 3229 378 3305 quibus
399 3227 475 3288 inter
495 3248 527 3290 se
548 3229 701 3306 digladiari
722 3233 826 3304 solent,
848 3242 1041 3293 contemnant
1061 3244 1091 3295 et

42 3349 98 3408 pro
111 3328 203 3389 nihilo
217 3339 329 3405 putent,
342 3337 498 3404 propterea
508 3326 601 3388 iustos
612 3347 684 3388 esse.
721 3331 800 3388 Nam
811 3331 934 3388 alterum
950 3327 1091 3410 [iustitiae

41 3424 146 3507 genus]
170 3439 374 3502 assequuntur,
399 3436 431 3484 ut
456 3425 610 3484 inferenda
633 3444 671 3485 ne
694 3425 742 3485 cui
769 3437 897 3486 noceant
923 3426 1037 3497 iniuria,
1058 3426 1091 3487 in

95 3598 124 3632 ιο
141 3588 215 3645 atque
225 3581 334 3628 humana
348 3580 385 3628 Or
401 3583 410 3636 ΙΙ
430 3581 458 3628 18
473 3577 580 3642 cogitate
594 3578 646 3650 Or:
662 3578 770 3642 cogitato
781 3580 889 3644 Madvig
903 3585 914 3640 11
931 3597 960 3645 3ῐ
973 3588 1092 3646 expetant

46 3662 172 3712 ...soleant
182 3663 223 3710 Ba
250 3664 261 3719 l
290 3676 320 3724 32
338 3659 445 3708 iustitiae
459 3674 537 3721 genus
548 3674 595 3707 ont.
612 3659 650 3706 Or
659 3660 732 3707 Beier
755 3662 766 3718 11
800 3675 831 3722 33
848 3661 874 3708 in
886 3661 1013 3710 inserenda
1023 3664 1089 3713 codd.

44 3741 91 3804 [in]
106 3740 233 3790 inferenda
247 3740 299 3788 Or:
314 3748 341 3788 ut
356 3738 484 3788 inferenda
498 3738 577 3786 Halm
611 3741 622 3797 ΙΙ
656 3753 686 3801 33
704 3737 730 3786 in
744 3739 848 3789 alterum
863 3740 974 3791 incidunt
988 3743 1091 3792 Orcum

28 3825 92 3876 clla,
107 3819 168 3865 aaa&
173 3825 225 3867 nal.
239 3834 305 3882 txcgff.
