2580 4184
98 202 151 263 111
165 218 209 261 xv
222 196 276 282 63]
355 201 407 264 De
423 204 592 263 contentione
611 203 737 263 Honesti
752 210 780 262 et
805 204 892 264 iltr'le's
1090 222 1144 280 ¹17

98 385 315 486 dapegreoreilsqffi
352 373 400 478 Ita
413 390 470 430 nec
483 382 517 431 ut
530 383 609 432 emat
622 372 728 433 melius
742 392 799 433 nec
812 384 845 433 ut
857 375 975 447 vendat,
988 373 1146 451 quicquam

98 485 315 577 mamm&
351 467 501 528 simulabit
514 479 564 528 aut
579 469 774 529 dissimulabit
786 469 830 529 vir
843 470 947 530 bonus.
977 471 1076 547 Atque
1090 469 1145 529 iste

99 585 314 636 slermportanoeat-
352 566 439 625 dolus
463 567 559 625 malus
583 578 613 627 et
636 567 750 645 legibus
774 579 836 627 erat
858 567 1032 642 vindicatus,
1044 577 1078 626 ut
1093 561 1148 646 [iu]

99 636 313 726 mamam&
351 664 445 723 tutela
464 664 623 723 duodecim
645 665 759 738 tabulis,
780 664 1011 741 circumscriptio
1031 665 1148 724 adules-

99 736 187 777 uourin
202 735 314 778 Contracts
422 758 428 769 ·
706 761 712 772 .
823 761 829 772 .
977 759 983 772 .
1117 759 1123 771 .

99 785 260 838 minoratus.
351 770 482 819 centrum
501 763 565 838 lege
588 763 741 835 Plaetona,
757 773 786 822 et
807 780 869 821 sine
890 763 955 838 lege
975 762 1146 833 rudicus,1n
1175 780 1189 829 5

100 853 208 929 quibus
220 854 341 914 additur
355 873 397 914 ex
412 873 485 916 sinu
499 875 591 917 noun.
635 857 831 934 Reliquorum
852 869 950 918 autem
971 856 1147 916 iudiciorum

100 953 174 1012 haec
193 952 284 1012 verba
303 952 431 1013 maxime
452 956 616 1014 excellunt:
640 955 672 1014 in
693 953 811 1014 arbitrio
831 953 873 1014 rei
893 953 1011 1013 uxoriae
1032 970 1146 1013 uruurvs

99 1065 239 1123 nuovrvs
254 1049 285 1108 in
305 1050 414 1110 fiducia
433 1069 473 1110 vs
488 1069 585 1111 moue
600 1069 700 1112 nouos
716 1069 798 1111 nunu
811 1068 916 1111 norun.
960 1050 1042 1124 Quid
1055 1054 1147 1128 ergo?

99 1145 195 1206 autin
209 1165 255 1219 eo,
270 1162 355 1218 Qvou
369 1165 485 1208 uuurvs
499 1166 641 1222 Auervs,
655 1160 753 1226 potest
768 1151 827 1208 ulla
836 1168 902 1226 pars
913 1147 1009 1208 inesse
1020 1147 1147 1208 fraudis?

100 1253 242 1310 anteum
263 1242 369 1303 dicitur
389 1261 487 1304 muru
508 1263 609 1306 nouos
630 1263 713 1304 nunu
733 1243 1014 1321 Ao1un,quicquam
1034 1242 1081 1321 agi
1095 1244 1145 1303 do
1160 1260 1189 1295 10

100 1341 163 1399 lose
176 1349 226 1399 aut
240 1338 385 1400 malitiose
399 1344 520 1417 potest?
561 1343 657 1402 Dolus
671 1353 771 1402 autem
785 1343 881 1400 malus
903 1340 934 1399 in
948 1339 1144 1412 simulatione,

100 1446 133 1496 ut
157 1435 198 1496 ait
217 1435 362 1512 Aquilius,
391 1439 564 1500 continetur.
607 1439 788 1499 Tollendum
816 1448 860 1498 est
887 1437 974 1515 igitur
1000 1456 1038 1497 ex
1057 1437 1145 1496 rebus

99 1531 308 1591 contrahendis
329 1551 418 1593 omne
438 1535 634 1595 mendacium.
679 1537 749 1594 Non
774 1533 979 1594 inlicitatorem
998 1533 1143 1606 venditor,

100 1649 161 1689 non
182 1628 233 1706 qui
253 1640 356 1688 contra
376 1649 408 1690 se
428 1631 550 1692 licentur
572 1643 688 1710 emptor
711 1644 848 1710 apponet.
892 1635 1035 1709 Uterque,
1058 1631 1082 1691 si
1103 1632 1143 1692 ad

100 1726 301 1803 eloquendum
310 1727 430 1802 venerit,
445 1749 506 1789 non
517 1731 582 1805 plus
597 1748 686 1805 quam
700 1731 793 1789 semel
807 1730 968 1805 eloquetur.
1013 1731 1060 1787 62.
1105 1728 1144 1801 Q.
1159 1743 1186 1793 15

125 1874 146 1914 Α
158 1885 204 1914 rm
217 1871 312 1913 ,mm
350 1826 473 1904 quidem
500 1830 641 1888 Scaevola
666 1826 754 1887 Publi
773 1826 858 1898 filius,
879 1846 948 1886 cum
968 1826 1145 1903 postulasset

101 1923 313 2025 gfffgsspgfflggffi
351 1935 384 1984 ut
400 1922 457 1984 sibi
475 1924 593 1996 fundus,
609 1922 691 1983 cuius
710 1934 827 2000 emptor
845 1932 915 1994 erat,
931 1922 1022 1982 semel
1035 1920 1146 1980 indica·

351 2033 430 2082 retur
449 2019 540 2096 idque
560 2019 697 2080 venditor
717 2018 758 2079 ita
777 2017 902 2091 fecisset,
918 2017 991 2078 dixit
1005 2036 1036 2077 se
1054 2016 1144 2094 pluris

101 2119 268 2182 aestimare:
288 2117 404 2179 addidit
424 2127 544 2176 centum
563 2114 651 2174 milia
695 2117 794 2175 Nemo
812 2124 857 2174 est
870 2112 922 2189 qui
935 2114 994 2172 hoc
1006 2111 1060 2171 viri
1073 2109 1145 2171 boni

101 2218 193 2280 luisse
209 2229 315 2296 neget,
343 2213 482 2294 sapientis
512 2223 628 2290 negant,
651 2223 683 2272 ut
704 2211 729 2272 si
749 2211 870 2272 minoris
891 2231 981 2289 quam
1000 2207 1144 2286 potuisset
1155 2233 1187 2268 ro

100 2314 287 2376 vendidisset
331 2314 419 2372 Haec
440 2309 526 2387 igitur
546 2319 592 2368 est
613 2307 663 2368 illa
684 2307 835 2386 pernicies,
851 2307 934 2383 quod
951 2304 1024 2364 alios
1038 2304 1143 2378 bonos,

350 2407 423 2468 alios
440 2404 587 2482 sapientes
605 2405 781 2465 existimant
825 2407 871 2464 Ex
884 2422 944 2480 quo
959 2400 1073 2461 Ennius
1088 2404 1145 2460 ‘ne-

100 2488 315 2590 ffljssfflefflsspssgf
351 2506 488 2582 quiquam
508 2512 606 2579 supere
622 2505 780 2579 sopientern,
801 2503 854 2578 qui
872 2501 930 2577 ipse
946 2501 1003 2559 sibi
1017 2501 1146 2576 prodesse

100 2589 311 2641 ²‘0dbl‘hffiewh⁰’
350 2623 406 2664 non
423 2601 530 2678 quiret!
565 2604 643 2661 Vere
657 2602 688 2661 id
702 2599 832 2677 quidem,
847 2597 872 2658 si
886 2597 959 2676 quid
973 2609 1050 2659 esset
1065 2602 1072 2631 ‘
1078 2607 1144 2674 pro

100 2640 142 2680 like
165 2651 250 2680 eunius
269 2639 313 2679 and

100 2701 312 2780 ζξξᾚῖῐξζῆζζ
348 2700 432 2758 desse'
447 2696 519 2757 milri
533 2715 602 2756 cum
616 2695 715 2756 Ennio
733 2694 912 2755 conveniret.
955 2696 1001 2769 63.
1045 2695 1184 2762 Heca-25

99 2790 199 2882 {ffigff
211 2789 312 2831 ⁰s¹¹¹⁰¹³¹
348 2804 451 2855 tonem
472 2792 592 2870 quidem
613 2792 776 2863 Rhodium,
798 2791 977 2868 discipulum
998 2787 1140 2862 Panaetii,

348 2889 437 2951 video
451 2889 482 2949 in
496 2890 530 2949 iis
544 2889 632 2962 libris,
648 2909 723 2966 quos
737 2890 775 2949 de
790 2889 888 2949 officio
902 2886 1015 2965 scripsit
1030 2888 1067 2962 Q.
1083 2890 1142 2946 Tu-

98 2987 210 3062 beroni,
229 2987 328 3048 dicere
347 2988 498 3065 ‘sopientis
517 3007 572 3046 esse
590 2989 669 3045 nileil
684 2994 781 3047 contro
801 3005 898 3060 mores,
916 2988 990 3061 leges,
1010 2986 1141 3043 instituto

90 3086 241 3161 facientem
253 3084 356 3142 holere
366 3085 505 3143 rationem
517 3083 738 3160 reifornileoris.
773 3082 873 3158 Neque
890 3083 964 3140 enirn
983 3082 1074 3140 solnm
1094 3099 1141 3140 no·

99 3183 143 3242 dis
155 3184 256 3241 divites
269 3181 475 3253 essevolumus,
487 3180 538 3237 sni
547 3180 650 3253 liberis,
658 3180 839 3256 propinquis,
854 3178 953 3237 omens
966 3178 1142 3252 maximeque
1153 3188 1184 3237 30

98 3279 142 3336 rei
153 3277 290 3352 publicae.
333 3275 517 3350 Singulorum
537 3276 612 3333 enim
622 3276 779 3350 facultates
791 3280 818 3332 el
828 3275 921 3349 erpone
938 3273 1057 3332 divitiae
1073 3277 1142 3330 sunt

97 3371 238 3433 civitatis!
272 3369 355 3431 Huic
369 3372 527 3431 Scaevolae
542 3372 661 3445 iactum,
677 3373 715 3430 de
729 3388 789 3447 quo
802 3370 902 3446 paullo
916 3380 985 3428 ante
999 3366 1067 3440 dixi,
1082 3369 1142 3444 pla·

79 3551 82 3554 Α
97 3488 164 3529 cere
178 3468 259 3527 nullo
273 3468 365 3528 modo
378 3477 484 3544 potest.
528 3466 646 3528 Etenim
666 3465 788 3527 omnino
807 3475 922 3526 tantum
936 3482 968 3523 se
982 3474 1070 3540 negat
1083 3466 1142 3522 fac·

150 3654 179 3702 ¹4
195 3645 281 3688 contra
296 3653 323 3688 se
336 3639 439 3689 licentur
453 3639 494 3688 Bo
504 3637 586 3688 Heine
596 3652 651 3686 enne
661 3634 785 3700 plerisque
795 3634 868 3695 codd,
882 3638 968 3682 contra
977 3630 1081 3680 licentur
1094 3630 1138 3689 Or,

97 3730 184 3770 contra
199 3721 329 3770 reticeatur
343 3722 368 3770 Z
380 3722 412 3769 St
429 3721 471 3769 Lu
490 3735 522 3768 en
541 3734 592 3768 nno
612 3718 662 3767 cod.
680 3718 758 3766 Bern.
778 3732 798 3764 e.
834 3719 844 3773 ΙΙ
882 3715 911 3763 18
928 3713 963 3762 ita
981 3711 1079 3761 iecisset
1098 3711 1140 3760 Bo

99 3801 180 3850 Heine
189 3800 548 3860 Lucumcodei,lecissetolii
573 3802 583 3858 ΙΙ
611 3810 642 3864 η
651 3797 735 3848 officio
746 3797 787 3848 Bo
799 3796 828 3846 St
839 3795 918 3846 Heisu
933 3794 1037 3843 Lucum
1046 3792 1145 3857 optimis

88 3879 162 3934 cedd,
175 3880 262 3928 officiis
274 3881 349 3931 OrZ
360 3886 376 3942 ll
391 3897 425 3947 33
437 3886 533 3935 etenim
544 3883 678 3952 qui...nou
686 3883 772 3948 liceat,
780 3880 845 3934 bure
853 3880 892 3934 Or
899 3877 974 3932 ueto
