2580 4184
154 192 187 254 11
202 207 258 250 xiv
273 187 325 273 48]
596 190 647 249 De
660 189 754 266 glorio
1166 206 1203 270 ῃ

151 358 249 434 cisset,
264 379 404 438 magnam
423 359 546 419 laudem
566 368 596 418 et
616 377 635 417 a
655 376 772 418 summo
790 355 854 416 viro
874 367 904 417 et
924 356 963 416 ab
984 354 1113 418 exercitu
1133 373 1205 418 con·

151 456 316 533 sequebare
329 454 501 532 equitando,
517 453 684 528 iaculando,
697 451 780 514 omni
793 451 909 512 militari
923 453 1023 513 labore
1037 453 1202 514 tolerando.

150 553 253 628 Atque
267 570 304 612 ea
317 550 440 629 quidem
453 561 505 611 tua
517 551 582 610 laus
596 548 705 627 pariter
717 568 787 608 cum
800 547 951 626 republica
964 546 1081 608 cecidit.
1126 547 1204 610 Mihi

151 658 253 710 autem
269 648 347 708 haec
364 645 458 708 oratio
476 658 614 723 suscepta
632 665 693 706 non
711 646 750 705 de
767 655 797 705 te
811 654 864 717 est,
879 645 933 704 sed
947 646 985 706 de
999 663 1106 721 genere
1120 654 1204 706 toto:

152 743 349 822 quamobrem
368 762 524 821 pergamus
545 744 584 802 ad
604 762 641 803 ea
661 761 739 819 quae
758 750 876 800 restant
919 741 966 814 46.
1000 741 1044 800 Ut
1064 739 1151 818 igitur
1171 740 1203 800 in
1232 773 1246 825 5

150 839 272 918 reliquis
292 840 381 900 rebus
401 841 496 899 multo
517 838 631 900 maiora
649 857 740 917 opera
757 848 825 898 sunt
844 836 935 896 animi
950 856 1040 913 quam
1056 836 1195 915 corporis,

152 935 273 997 siccae
300 955 355 1009 res,
379 954 453 1013 quas
479 934 600 1014 ingenio
626 955 663 995 ac
689 934 802 996 ratione
829 933 1041 1012 persequimur,
1063 934 1202 1012 gratiores

402 1043 471 1093 sunt
498 1052 589 1110 quam
617 1032 692 1106 illae,
722 1050 795 1108 quas
822 1030 940 1091 viribus.
992 1029 1091 1090 Prima
1117 1030 1204 1109 igitur

150 1126 202 1219 ξω
223 1135 368 1211 enormes,
405 1128 628 1190 commendatio
656 1127 850 1207 proficiscitur
879 1146 897 1187 a
928 1126 1103 1187 modestia
1133 1147 1202 1186 cum

152 1179 368 1271 milarffffiioi'usse
405 1223 540 1302 pietate
574 1223 606 1285 in
640 1224 778 1303 parentis,
814 1223 846 1284 in
881 1241 952 1283 suos
986 1211 1200 1283 benevolentia„
1217 1255 1246 1291 ro

151 1279 367 1380 minam&
405 1319 568 1380 Facillume
591 1331 691 1380 autem
715 1318 801 1380 etin
828 1317 972 1395 optimam
995 1330 1108 1395 partem
1135 1338 1203 1398 cog-

403 1427 566 1476 noscuntur
596 1416 812 1489 adulescentes,
844 1413 896 1491 qui
924 1433 957 1476 se
983 1415 1024 1476 ad
1050 1416 1144 1476 claros
1170 1426 1202 1477 et

152 1510 302 1589 sapientes
328 1511 406 1574 viros
436 1513 514 1575 bene
544 1514 734 1572 consulentes
765 1510 807 1572 rei
833 1509 971 1589 publicae
1003 1512 1200 1586 contulerunt,

152 1609 334 1685 quibuscum
360 1609 386 1670 si
411 1611 580 1686 frequentes
608 1620 685 1683 sunt,
714 1606 887 1686 opinionem
914 1609 1051 1669 adserunt
1077 1609 1191 1687 populo

152 1722 256 1764 eorum
278 1705 340 1765 sore
361 1724 393 1765 se
413 1703 532 1780 similes,
547 1725 623 1782 quos
642 1703 698 1765 sibi
716 1702 772 1781 ipsi
785 1701 947 1780 delegerint
960 1705 1000 1764 ad
1013 1703 1198 1765 imitandum.
1214 1736 1242 1788 ¹5

152 1817 199 1875 47.
223 1802 257 1860 P.
278 1800 373 1860 Rutili
403 1801 635 1863 adulescentiam
657 1801 697 1861 ad
718 1798 890 1877 opinionem
911 1811 941 1861 et
962 1798 1149 1862 innocentiae
1170 1812 1200 1863 et

151 1894 222 1956 iuris
236 1895 376 1957 scientiae
391 1899 423 1958 P.
440 1896 526 1959 Muci
549 1896 769 1958 commendavit
786 1898 900 1957 domus
937 1897 1016 1956 Nam
1031 1898 1064 1956 L.
1077 1896 1199 1973 quidem

152 1993 286 2065 Crassus,
314 2012 384 2053 cum
406 2005 484 2056 esset
510 1993 674 2055 admodum
702 1994 884 2067 adulescens,
908 2011 970 2052 non
993 1991 1113 2052 aliunde
1136 2011 1200 2052 mu·

150 2101 251 2153 tuatus
278 2100 331 2164 est,
354 2090 407 2150 sed
436 2089 493 2152 sibi
520 2090 584 2168 ipse
610 2089 725 2168 peperit
751 2109 922 2150 maxumam
945 2091 1065 2149 laudem
1088 2109 1126 2150 ex
1148 2089 1199 2149 illa

151 2186 341 2249 accusatione
369 2187 463 2247 nobili
486 2198 516 2248 et
542 2187 678 2266 gloriosa,
697 2198 735 2263 et,
756 2207 816 2265 qua
835 2197 932 2248 aetate
953 2186 1005 2264 qui
1026 2198 1199 2248 exercentur
1210 2227 1242 2261 ,0

150 2283 239 2344 laude
261 2281 348 2342 adfici
373 2283 477 2357 solent,
498 2294 531 2344 ut
555 2286 594 2346 de
618 2286 822 2346 Demosthene
842 2282 1020 2361 accepimus,
1041 2303 1077 2345 ea
1100 2295 1197 2346 aetate

152 2379 186 2439 L
197 2380 320 2441 Crassus
334 2379 464 2440 ostendit
478 2378 509 2440 id
523 2399 555 2441 se
569 2380 599 2440 in
614 2383 677 2441 foro
692 2392 813 2458 optume
827 2380 887 2441 iam
900 2383 1005 2456 facere,
1014 2383 1097 2458 quod
1107 2381 1196 2443 etiam

73 2494 141 2546 xlv
152 2486 216 2536 tum
236 2486 352 2554 poterat
372 2476 454 2538 dorni
474 2497 543 2538 cum
563 2480 651 2540 laude
670 2479 814 2540 meditari.
855 2483 905 2553 48.
926 2482 987 2542 Sed
1004 2500 1073 2541 curn
1087 2483 1197 2560 duplex

399 2574 473 2635 ratio
494 2575 532 2637 sit
552 2575 701 2650 orationis,
721 2596 845 2654 quarum
865 2577 897 2639 in
916 2580 1008 2641 altera
1028 2599 1125 2640 sermo
1148 2580 1194 2654 sit,

150 2641 363 2742 ῑῖιωςρῖἷιιῑῗιῗηῖηῗ
399 2671 431 2732 in
452 2675 543 2733 altera
563 2673 725 2749 contentio,
741 2694 802 2734 non
816 2685 861 2736 est
874 2674 906 2735 id
920 2674 1043 2752 quidem
1061 2676 1193 2752 dubium,
1208 2707 1237 2756 ²⁵

150 2742 279 2795 ‘mum‘
399 2767 471 2845 quin
495 2769 647 2831 contentio
672 2770 812 2831 orationis
839 2771 981 2834 maiorem
1004 2774 1063 2833 vim
1087 2776 1195 2836 habeat

150 2863 189 2924 ad
210 2862 408 2941 gloriam-ea
435 2877 480 2927 est
498 2866 577 2927 enim
611 2886 701 2944 quam
720 2867 919 2945 eloquentiam
939 2869 1120 2935 dicimus-2
1141 2874 1194 2934 sed

151 2969 250 3020 tanmn
264 2959 382 3022 difficile
397 2961 478 3022 dictu
492 2973 536 3024 est
560 2975 673 3040 quanto
687 2984 776 3042 opere
790 2965 928 3026 conciliet
941 2967 1057 3028 animos
1070 2969 1194 3029 comitas

150 3059 375 3136 adfabilitasque
406 3061 556 3121 sermonis.
614 3064 738 3123 Exstant
768 3062 910 3140 epistulae
941 3076 972 3126 et
999 3065 1127 3143 Philippi
1154 3068 1194 3128 ad

151 3156 351 3218 Alexandrum
383 3168 414 3218 et
439 3157 588 3236 Antipatri
620 3161 659 3220 ad
692 3162 891 3222 Cassandrum
922 3173 953 3224 et
979 3165 1123 3242 Antigoni
1153 3168 1192 3227 ad
1205 3197 1237 3247 30

152 3253 320 3331 Philippum
344 3253 446 3329 filium,
468 3255 555 3315 trium
580 3257 958 3333 prudentissimorum—sic
978 3261 1058 3322 enirn
1079 3264 1193 3340 accepi-

151 3367 269 3424 mus—,
290 3349 397 3426 quibus
424 3351 608 3428 praecipiunt
634 3362 668 3412 ut
689 3353 822 3415 oratione
845 3354 974 3432 benigna
996 3355 1192 3419 multitudinis

150 3445 264 3506 animos
290 3446 329 3505 ad
358 3446 594 3508 benevolentiam
621 3448 751 3509 alliciant
774 3449 941 3528 militesque
964 3452 1073 3512 blande
1093 3457 1192 3532 appel·

149 3542 239 3602 lando
252 3540 411 3602 deleniant
455 3544 540 3617 Quae
554 3555 654 3604 autem
672 3544 703 3604 in
717 3544 904 3607 multitudine
918 3567 987 3606 cum
1000 3549 1191 3612 contentione

149 3637 272 3698 habetur
292 3637 397 3713 oratio,
411 3657 446 3698 ea
466 3657 554 3716 saepe
573 3639 740 3701 universam
754 3640 870 3701 excitat
914 3644 1026 3722 Magna
1045 3656 1090 3706 est
1109 3646 1189 3707 enim
1202 3662 1233 3717 35

194 3800 211 3849 7
221 3785 572 3849 gravioresalzt'cantracada
599 3794 611 3855 ΙΙ
638 3798 727 3860 ptum
736 3791 818 3862 vulgo,
832 3807 892 3844 cum
904 3794 946 3846 Bo
959 3796 1202 3863 postcommum

134 3861 194 3915 116
202 3864 328 3913 contentio
336 3867 482 3934 [orationis]
490 3873 576 3926 Heine
585 3879 638 3930 Mu
682 3882 693 3941 ΙΙ
750 3894 782 3948 35
800 3879 897 3934 excitat
906 3879 1021 3950 gloriam
1031 3882 1060 3934 St
1072 3898 1131 3933 curn
1142 3881 1213 3931 codd.
