2580 4184
18 118 25 144 l

107 170 287 276 Ixnv160]
443 197 635 258 Hortulorum
655 195 828 275 comparatio
1119 194 1155 274 ’57

104 361 220 454 5¹:stss
232 363 321 457 Ἢ
357 363 488 438 humani,
517 364 642 441 attingat
663 363 866 442 cognitionem
895 383 1000 437 mmm,
1027 365 1158 442 solivaga

220 444 227 465 ‚

103 462 201 564 {¹²3¹ss
214 459 327 558 marg
358 458 489 536 cognitio
503 472 534 522 et
546 459 645 521 ieiuna
655 459 797 532 videatur,
835 460 966 536 itemque
980 460 1155 538 magnitudo

104 564 224 609 manea
358 557 458 632 animi,
485 570 601 620 remota
640 557 854 617 communitate
885 557 1155 638 coniunctioneque

104 645 244 724 humana,
264 651 363 713 feritas
384 653 422 715 sit
442 656 590 732 quaedam
611 666 641 716 et
661 653 838 716 immanitas.
882 655 930 713 Ita
949 655 983 714 fit
1003 665 1035 714 ut
1056 654 1156 717 vincat

103 747 284 826 cognitionis
304 751 435 813 studium
456 753 639 815 consociatio
659 751 816 814 hominum
836 762 925 826 atque
945 752 1150 847 commqnitas.
1185 775 1198 822 5

129 873 317 929 neoegfftygnog
360 850 424 926 158.
468 850 534 910 Nec
554 870 656 911 verum
677 859 722 910 est
759 848 842 925 quod
864 846 972 908 dicitur
995 867 1013 908 a
1037 849 1155 926 quibus·

103 928 319 1026 fflsslhcisslsshss
356 946 435 1019 darn,
454 956 576 1023 propter
592 946 799 1008 necessitatem
821 943 908 1017 vitae,
926 945 1008 1021 quod
1025 963 1153 1021 eaquae

104 1026 167 1079 σὴψ·
354 1054 458 1103 natura
488 1042 676 1114 desideraret,
694 1040 839 1119 consequi
869 1040 934 1101 sine
964 1040 1029 1100 aliis
1063 1052 1153 1118 atque

103 1134 221 1196 efficere
247 1156 310 1198 non
337 1159 502 1216 possemus,
531 1139 643 1200 idcireo
671 1138 774 1199 initam
797 1157 863 1199 esse
887 1157 956 1197 cum
982 1138 1153 1198 hominibus

103 1234 348 1295 communitatem
369 1247 400 1297 et
420 1236 601 1297 societatem.
644 1236 762 1313 Quodsi
784 1234 885 1296 omnia
902 1233 990 1295 nobis
1012 1254 1089 1311 quae
1113 1237 1152 1296 ad
1170 1256 1197 1290 ιο

102 1326 214 1413 victum
238 1332 409 1410 cultumque
433 1332 590 1410 pertinent,
615 1332 699 1410 quasi
724 1331 837 1408 virgula
864 1330 973 1402 divina,
1003 1331 1149 1404 malunt,

103 1426 369 1503 suppeditarentur,
392 1440 455 1489 tum
477 1429 591 1507 optimo
615 1429 740 1506 quisque
768 1427 887 1506 ingenio
915 1427 1039 1503 negotiis
1060 1428 1152 1488 omni-

102 1519 158 1582 bus
173 1522 290 1584 omissis
304 1536 400 1585 totum
415 1545 446 1586 se
460 1524 492 1584 in
506 1525 676 1603 cognitione
690 1536 720 1586 et
740 1523 863 1585 scientia
878 1525 1043 1584 collocaret.
1080 1527 1152 1584 Non

101 1630 147 1680 est
161 1619 210 1680 ita
254 1624 333 1680 Nam
347 1633 377 1682 et
392 1623 582 1683 solitudinem
605 1625 717 1700 fugeret
738 1633 768 1683 et
789 1620 903 1683 socium
923 1619 1010 1681 studii
1032 1639 1151 1697 quaere-

101 1726 153 1790 ret,
177 1728 242 1776 tum
260 1719 368 1779 docere
400 1729 464 1778 tum
487 1719 600 1780 discere
622 1721 719 1791 vellet,
738 1728 801 1777 tum
823 1717 925 1777 audire
956 1728 1019 1777 tum
1041 1722 1147 1778 dicere.
1166 1738 1193 1785 15

102 1816 182 1894 Ergo
203 1834 293 1876 omne
313 1814 452 1890 officium,
473 1817 557 1892 quod
577 1817 616 1876 ad
637 1814 878 1876 coniunctionem
897 1813 1053 1874 hominum
1068 1825 1096 1874 et
1111 1815 1151 1874 ad

101 1915 276 1977 societatem
297 1915 440 1975 tuendam
455 1916 541 1986 valet,
557 1914 800 1990 anteponendum
821 1922 867 1971 est
886 1910 928 1969 illi
950 1911 1054 1981 offici0,
1068 1912 1151 1987 quod

20 2007 87 2061 XLV
125 2026 173 2068 ane
191 2025 316 2077 obligations
353 2009 522 2088 cognitione
550 2021 581 2070 et
602 2009 725 2070 scientia
747 2007 921 2069 continetur.
968 2026 1033 2085 159.
1070 2010 1149 2070 Illud

101 2077 196 2129 imposed
217 2078 246 2127 by
266 2077 315 2130 Jus·
414 2107 420 2119 .
740 2105 746 2117 .
1131 2107 1137 2118 .

101 2130 143 2169 :ree
159 2127 268 2168 aaaron
295 2141 315 2167 r·
352 2108 473 2167 forsitan
498 2108 701 2184 quaerendum
723 2117 769 2179 sit,
791 2125 864 2165 num
888 2105 962 2165 haec
986 2125 1150 2166 communt-

101 2191 259 2229 ΝΟΜ
351 2215 404 2278 tas,
425 2224 501 2283 quae
526 2205 654 2264 maxime
678 2214 723 2263 est
746 2214 817 2280 apta
839 2213 970 2274 naturae,
999 2202 1037 2262 sit
1058 2203 1147 2264 etiam
1165 2225 1194 2259 ιο

101 2298 300 2360 moderationi
318 2301 542 2377 modestiaeque
557 2320 673 2377 semper
686 2300 902 2376 anteponenda.
946 2301 1017 2359 Non
1031 2302 1139 2377 plaoet.

101 2400 175 2457 Sunt
193 2395 273 2458 enim
292 2400 436 2474 quaedam
458 2397 564 2474 partim
591 2397 632 2458 ita
658 2399 754 2470 foeda,
784 2396 893 2474 partim
928 2395 969 2456 ita
996 2397 1159 2474 flagitiosa,¹

101 2504 135 2552 ut
151 2513 187 2554 ea
206 2513 244 2554 ne
260 2496 480 2555 conservandae
497 2495 619 2571 quidem
639 2493 751 2571 patriae
772 2499 861 2553 caus'a
881 2494 999 2570 sapiens
1020 2494 1148 2555 facturus

100 2588 145 2649 sit
190 2591 236 2650 Ea
250 2590 427 2651 Posidonius
449 2590 566 2667 collegit
587 2591 740 2667 pennula,
762 2591 815 2651 sed
829 2589 870 2649 ita
884 2601 976 2650 taetra
990 2593 1148 2666 quaedam,

100 2683 142 2746 ita
162 2688 300 2761 obscena,
321 2698 354 2747 ut
375 2687 456 2748 dictu
478 2706 597 2764 quoque
617 2686 772 2753 videantur
792 2685 895 2763 turpia.
952 2689 1040 2746 Haec
1061 2688 1148 2764 igitur
1162 2713 1190 2761 25

100 2801 162 2844 non
177 2782 317 2860 suscipiet
330 2783 372 2844 rei
392 2784 528 2861 publicae
543 2803 645 2858 causa;
666 2803 703 2844 ne
717 2803 763 2844 res
777 2783 897 2860 publica
911 2783 1034 2860 quidem
1048 2805 1101 2862 pro
1116 2805 1148 2846 se

100 2879 209 2958 suscipi
230 2882 317 2940 volet.
360 2882 419 2941 Sed
441 2881 499 2940 hoc
519 2882 706 2941 commodius
728 2901 759 2942 se
780 2901 826 2941 res
848 2882 947 2952 habet,
976 2884 1058 2959 quod
1086 2904 1147 2945 non

100 2987 198 3053 potest
218 2975 352 3036 accidere
373 2988 498 3053 tempus,
520 2986 553 3035 ut
565 2975 685 3036 intersit
698 2975 740 3036 rei
754 2962 891 3052 publicae
912 2970 1072 3054 quicquam
1086 2979 1148 3040 illo-

100 3092 164 3132 rum
180 3075 276 3134 lacere
291 3073 463 3150 sapientem.
511 3077 574 3132 160.
628 3075 724 3149 Quare
738 3074 800 3133 hoc
811 3073 933 3150 quidem
947 3077 1085 3136 effectum
1100 3076 1145 3149 sit,
1189 3143 1193 3154 ¹

100 3171 130 3231 in
145 3170 249 3232 officiis
263 3171 428 3248 deligendis
442 3170 473 3230 id
486 3190 579 3247 genus
594 3169 757 3229 officiorum
772 3171 923 3243 excellere,
945 3172 1027 3247 quod
1048 3183 1145 3232 tenea·
1159 3193 1190 3242 30

100 3280 147 3330 tur
166 3268 321 3330 hominum
341 3269 489 3329 societate.
534 3267 654 3327 Etenim
675 3266 877 3344 cognitionem
897 3269 1146 3347 prudentiamque

100 3378 237 3444 sequetur
252 3365 437 3427 considerata
458 3365 542 3425 actio.
571 3365 617 3424 Ita
637 3366 669 3423 lit
690 3375 722 3424 ut
743 3383 830 3440 agere
850 3365 1034 3426 considerate
1055 3367 1145 3444 pluris

101 3463 137 3525 sit
157 3483 247 3540 quam
273 3464 403 3542 cogitare
422 3464 590 3539 prudenter.
632 3463 734 3537 Atque
755 3462 830 3520 haec
850 3461 973 3537 quidem
993 3464 1144 3524 hactenus.

100 3561 266 3620 Patefactus
280 3560 360 3620 enirn
374 3561 457 3619 locus
469 3571 513 3619 est
527 3558 599 3634 ipse,
610 3568 643 3616 ut
657 3576 718 3616 non
733 3556 852 3617 difficile
862 3557 899 3618 sit
915 3557 946 3617 in
962 3559 1145 3636 exquirendo

98 3658 195 3718 officio
216 3658 288 3734 quid
309 3657 415 3734 cuique
436 3655 474 3716 sit
493 3655 739 3733 praeponendum
759 3653 868 3714 videre.
912 3655 949 3713 In
963 3653 1027 3730 ipsa
1045 3668 1144 3716 autem
1159 3669 1189 3720 35

144 3802 160 3852 3
176 3792 271 3836 remota
281 3801 296 3834 a
307 3784 484 3835 communitate
494 3785 536 3834 Ba
551 3785 633 3836 Hcine
646 3786 762 3853 Madvig,
774 3794 872 3839 remota
881 3790 1062 3843 communitate
1070 3792 1147 3857 uulgo

92 3871 111 3922 l
139 3881 171 3926 29
185 3866 297 3913 effectum
313 3871 352 3914 est
366 3865 553 3927 &ustam
589 3872 601 3932 l
637 3882 669 3936 31
687 3873 785 3927 etenim
806 3873 1167 3946 cognitionem—prudenter

75 3940 427 3994 remohon'daebm'cmsa
435 3947 520 4000 lsa'm
