2580 4184
116 203 275 265 Ixxxvrrr
294 200 363 285 137]
436 209 581 264 exterarum
601 202 712 281 speciem
725 204 853 282 pertinet
911 216 924 271 „¹
1129 224 1169 284 49

367 373 454 435 rebus
474 383 539 434 tum
559 373 590 435 in
610 393 748 436 sermone
767 374 920 436 communi
935 374 1167 439 vicissitudinem

367 490 431 532 non
444 469 577 546 iniquam
591 482 682 548 putet.
704 532 707 541 ,
725 473 772 532 Ac
781 472 881 534 videat
908 472 1048 551 inprimis,
1061 473 1167 550 quibus

115 572 155 634 de
175 571 265 632 rebus
285 570 440 647 loquatur:
468 565 493 627 si
514 566 604 640 seriis,
626 566 811 628 severitatem
830 567 980 643 adhibeat,
1002 568 1027 628 si
1050 568 1165 645 iocosis,

114 668 257 745 leporem
341 663 540 741 Inprimisque
560 663 713 741 provideat
734 682 772 724 ne
793 682 889 724 senno
915 662 1019 724 vitium
1046 665 1168 743 aliquod

114 763 229 824 indicet
249 761 346 824 inesse
365 760 397 821 in
417 760 566 821 moribus:
594 761 677 837 quod
700 781 837 822 maxume
861 772 925 822 tum
945 765 1020 823 solet
1040 762 1165 840 evenire,
1196 781 1209 830 5

114 880 185 921 cum
199 858 333 920 studiose
347 858 384 918 de
398 856 569 918 absentibus
583 856 759 917 detrahendi
771 876 860 917 causa
873 869 925 919 aut
939 877 992 936 per
1011 857 1167 920 ridiculum

115 968 168 1019 aut
188 976 290 1019 severe
313 954 457 1016 maledice
477 954 750 1033 contumelioseque
764 954 878 1016 dicitur.
937 972 1000 1032 135.
1045 957 1167 1019 Haben-

369 1063 416 1112 tur
428 1062 528 1112 autem
542 1053 713 1128 plerumque
727 1071 879 1112 sermones
898 1063 949 1112 aut
968 1054 1006 1113 de
1027 1053 1166 1116 domesti-

369 1149 412 1209 cis
438 1147 564 1226 negotiis
591 1159 642 1208 aut
668 1149 707 1210 de
733 1167 765 1209 re
792 1148 910 1226 publica
929 1159 980 1210 aut
1000 1151 1038 1211 de
1059 1152 1163 1212 artium

118 1247 222 1309 studiis
245 1257 335 1324 atque
358 1242 500 1306 doctrina
544 1245 654 1304 Danda
675 1243 762 1321 igitur
784 1264 874 1320 opera
895 1256 940 1306 est
962 1256 1003 1320 ut,
1026 1245 1115 1307 etiam
1138 1267 1164 1307 si
1179 1262 1209 1298 10

115 1346 251 1405 aberrare
275 1344 315 1403 ad
336 1341 394 1402 alia
414 1338 553 1416 coeperit,
579 1341 618 1400 ad
644 1340 720 1400 haec
742 1353 897 1402 revocetur
919 1341 1020 1417 oratio,
1044 1344 1098 1404 sed
1115 1355 1167 1406 -ut-

115 1461 246 1520 eumque
269 1441 414 1512 aderunt3
440 1457 539 1514 neque
566 1436 647 1497 enim
662 1431 793 1518 [omnes]
807 1437 902 1499 isdem
927 1441 965 1500 de
993 1440 1080 1501 rebus
1107 1461 1164 1502 nec

116 1537 356 1614 omnitempore
381 1554 438 1595 nec
465 1533 598 1594 similiter
625 1535 815 1594 delectamur.
857 1535 1164 1598 Animadvertendum

116 1645 162 1695 est
174 1634 275 1708 etiam,
297 1643 442 1710 quatenus
461 1649 558 1691 sermo
577 1629 806 1690 delectationem
826 1632 943 1704 habeat,
963 1644 994 1693 et
1012 1646 1044 1694 ut
1062 1633 1164 1711 incipi·

10 1735 103 1786 XVIII
116 1730 188 1791 endr
214 1729 306 1791 ratio
315 1727 409 1801 fuerit,
435 1726 478 1786 ita
504 1725 542 1787 sit
572 1725 729 1786 desinendi
753 1729 868 1788 modus.
914 1731 979 1805 136
1021 1731 1081 1791 Sed
1101 1750 1162 1808 quo
1179 1746 1205 1796 ¹5

141 1855 274 1915 anm,
287 1855 330 1896 ..a
367 1822 494 1889 modo
486 1843 517 1883 rn
546 1823 627 1883 omni
651 1822 712 1883 vita
735 1823 897 1885 rectissime
925 1825 1103 1903 praecipitur
1129 1838 1163 1889 ut

114 1919 200 2048 §ffly
200 1907 271 2004 {iffi
273 1914 330 1997 {¹32ss
367 1917 600 2026 perturbationes
628 1918 783 1995 fugiamuS,
812 1919 844 1980 id
874 1932 918 1981 est
946 1934 1043 1982 motus
1070 1922 1162 1984 animi

172 2020 259 2058 ”⁰⁸¹²
236 2006 330 2058 '‘⁹¹⁰⁰ss
367 2014 475 2075 nimios
489 2013 596 2074 rationi
610 2033 671 2074 non
683 2026 928 2091 optemperantes,
952 2017 1066 2077 siccius
1077 2017 1161 2107 modi

114 2055 328 2109 mfflmewl

114 2071 331 2208 hffifflvglssy
367 2111 495 2172 motibus
512 2131 609 2172 sermo
628 2113 718 2172 debet
736 2133 849 2187 vacare,
869 2132 907 2173 ne
925 2125 975 2174 aut
994 2114 1036 2174 ira
1056 2114 1162 2177 existat

176 2221 292 2308 mfflgyp
293 2208 331 2298 ᾗῇ
367 2221 418 2271 aut
438 2209 583 2286 cupiditas
602 2210 709 2287 aliqua,
716 2220 766 2271 aut
786 2210 902 2287 pigritia
917 2222 968 2270 aut
981 2210 1097 2288 ignavia
1110 2225 1161 2274 aut
1174 2230 1205 2265 20

115 2309 139 2350 so
115 2267 330 2400 offfsoodhqtmthf
366 2308 424 2367 tale
439 2304 551 2381 ahqurd
562 2316 707 2382 appareat,
743 2324 929 2383 maximeque
940 2308 1106 2366 curandum
1116 2319 1161 2369 est

115 2372 233 2465 ,lipposa
369 2415 402 2462 ut
416 2421 476 2476 eos,
487 2400 664 2478 quibuscum
678 2420 845 2462 sermonem
859 2404 1054 2478 conferemus
1069 2414 1100 2464 et
1113 2423 1162 2466 ve·

115 2501 171 2569 reri
185 2512 215 2562 et
229 2499 351 2576 diligere
364 2499 524 2559 videamur.
569 2497 797 2574 Obiurgationes
811 2498 901 2559 etiam
918 2520 980 2560 non
999 2520 1165 2579 numquam,

115 2597 253 2659 incidunt
274 2595 463 2669 necessariae,
482 2595 514 2655 in
538 2594 646 2671 quibus
666 2596 810 2656 utendum
832 2608 876 2657 est
893 2598 1015 2658 sortasse
1031 2609 1062 2658 et
1079 2598 1161 2659 vocis

113 2694 306 2772 contentione
333 2693 444 2752 maiore
472 2701 502 2751 et
525 2693 682 2771 verborum
706 2691 847 2769 gravitate
869 2693 988 2767 acriore,
1010 2696 1043 2755 id
1075 2714 1160 2772 agen·
1173 2715 1202 2765 25

113 2794 185 2858 dum
200 2790 295 2859 etiam,
304 2801 337 2849 ut
351 2809 387 2849 ea
402 2791 497 2848 facere
512 2787 665 2847 videamur
682 2787 755 2848 irati.
797 2791 903 2861 Sed‚ut
917 2791 955 2850 ad
969 2792 1116 2851 urendum
1129 2804 1160 2854 et

112 2888 285 2966 secandum,
307 2885 351 2946 sic
371 2886 412 2945 ad
433 2886 492 2945 hoc
512 2903 605 2961 genus
630 2884 793 2962 castigandi
814 2905 879 2946 raro
899 2885 1042 2963 invitique
1063 2889 1160 2950 venie-

111 3004 187 3058 muS,
215 3002 274 3044 nec
300 3001 443 3059 umquam
470 2980 526 3040 nisi
553 2980 728 3054 necessario,
754 2981 779 3041 si
806 2983 887 3041 nulla
914 2983 1075 3060 reperietur
1101 2985 1159 3046 alia

111 3079 279 3141 medicina:
303 3080 357 3139 sed
381 3089 481 3138 tamen
503 3077 545 3136 ira
568 3079 671 3153 procul
695 3077 779 3149 absit,
809 3098 879 3137 cum
901 3098 960 3155 qua
984 3080 1057 3140 nihil
1078 3092 1157 3142 recte

110 3179 181 3251 ficri,
204 3177 278 3237 nihil
297 3175 482 3236 considerate
501 3185 607 3251 potest.
653 3192 717 3250 137·
762 3177 903 3253 Magnam
923 3188 1023 3236 autem
1043 3189 1156 3253 partem
1170 3197 1201 3247 30

111 3274 252 3336 clementi
268 3272 461 3350 castigatione
479 3271 549 3331 licet
568 3270 619 3344 uti,
634 3271 776 3348 gravitate
796 3283 896 3332 tamen
912 3273 1060 3346 adiuncta,
1075 3285 1108 3333 ut
1127 3286 1156 3334 et

111 3373 250 3433 severitas
276 3369 451 3430 adhibeatur
478 3378 508 3428 et
535 3367 716 3429 contumelia
738 3370 903 3444 repellatur.
945 3372 1046 3446 Atque
1066 3368 1156 3430 etiam

111 3469 184 3529 illud
206 3467 313 3544 ipsum,
332 3466 414 3543 quod
437 3463 603 3524 acerbitatis
626 3466 718 3524 habet
736 3464 908 3542 obiurgatio,
931 3463 1155 3540 significandum

112 3577 157 3626 est
177 3564 269 3641 ipsius
290 3562 323 3622 id
341 3581 439 3634 causa,
461 3559 513 3636 qui
534 3560 709 3638 obiurgetur,
728 3579 792 3620 esse
810 3571 985 3636 susceptum
1025 3563 1154 3623 Rectum

111 3673 155 3722 est
175 3672 277 3721 autem
298 3657 388 3719 etiam
407 3656 439 3717 in
459 3656 516 3717 illis
535 3657 784 3730 contentionibus,
806 3674 883 3734 quae
904 3675 973 3715 cum
993 3656 1154 3720 inimicissi·
1168 3674 1196 3727 35

114 439 270 492 mmmm

116 1117 145 1161 its
153 1125 256 1160 matter.

158 3820 186 3868 ¹3
203 3805 356 3854 delectantur
373 3804 400 3852 C.
417 3804 514 3853 uberte
544 3807 559 3863 l!
594 3818 629 3869 30
647 3813 846 3874 magna—parte
862 3804 930 3858 codd.
948 3821 1015 3861 corr.
1029 3807 1172 3862 Lunrbinur

94 3889 114 3938 Ι
124 3897 158 3942 51
169 3891 199 3928 ¹1?
203 3882 322 3929 mem
328 3883 373 3929 Ba
402 3887 420 3942 l
450 3898 484 3948 34
495 3886 524 3936 id
533 3889 565 3938 in
573 3891 750 3959 aliquotcodd.
764 3894 887 3947 omissum
898 3894 1000 3948 seclusit
1013 3895 1057 3947 Bn

152 3987 209 4029 cra
224 3976 339 4051 deff
1104 4020 1126 4074 ἢ
