<?xml version="1.0" encoding="UTF-8"?>
<!DOCTYPE html PUBLIC "-//W3C//DTD XHTML 1.0 Transitional//EN"
    "http://www.w3.org/TR/xhtml1/DTD/xhtml1-transitional.dtd">
<html xmlns="http://www.w3.org/1999/xhtml" xml:lang="en" lang="en">
 <head>
  <title>
</title>
<meta http-equiv="Content-Type" content="text/html;charset=utf-8" />
  <meta name='ocr-system' content='tesseract 3.04.00' />
  <meta name='ocr-capabilities' content='ocr_page ocr_carea ocr_par ocr_line ocrx_word'/>
</head>
<body>
  <div class='ocr_page' id='page_1' title='image "./mtvlliciceronis00holdgoog_0079.png"; bbox 0 0 2580 4184; ppageno 0'>
   <div class='ocr_carea' id='block_1_1' title="bbox 95 202 1147 287">
    <p class='ocr_par' dir='ltr' id='par_1_1' title="bbox 95 202 1147 287">
     <span class='ocr_line' id='line_1_1' title="bbox 95 202 1147 287; baseline 0.002 -23"><span class='ocrx_word' id='word_1_1' title='bbox 95 203 203 277; x_wconf 47' lang='lat' dir='ltr'>lxxx,</span> <span class='ocrx_word' id='word_1_2' title='bbox 215 202 285 287; x_wconf 82' lang='lat'><strong>107]</strong></span> <span class='ocrx_word' id='word_1_3' title='bbox 368 214 492 266; x_wconf 74' lang='lat' dir='ltr'>naturae</span> <span class='ocrx_word' id='word_1_4' title='bbox 509 207 739 267; x_wconf 75' lang='lat' dir='ltr'>conservationem</span> <span class='ocrx_word' id='word_1_5' title='bbox 754 207 879 282; x_wconf 79' lang='lat' dir='ltr'><em>pertinet</em></span> <span class='ocrx_word' id='word_1_6' title='bbox 1110 221 1147 278; x_wconf 90' lang='lat'>39</span> 
     </span>
    </p>
   </div>
   <div class='ocr_carea' id='block_1_2' title="bbox 92 373 1150 745">
    <p class='ocr_par' dir='ltr' id='par_1_2' title="bbox 92 373 1150 745">
     <span class='ocr_line' id='line_1_2' title="bbox 94 373 1149 449; baseline -0.008 -10"><span class='ocrx_word' id='word_1_7' title='bbox 94 399 120 429; x_wconf 77' lang='lat' dir='ltr'>or</span> <span class='ocrx_word' id='word_1_8' title='bbox 128 387 150 428; x_wconf 78' lang='lat' dir='ltr'>tn</span> <span class='ocrx_word' id='word_1_9' title='bbox 159 401 198 430; x_wconf 82' lang='lat' dir='ltr'>our</span> <span class='ocrx_word' id='word_1_10' title='bbox 211 388 311 448; x_wconf 59' lang='lat' dir='ltr'>ordinary</span> <span class='ocrx_word' id='word_1_11' title='bbox 349 377 455 437; x_wconf 92' lang='lat' dir='ltr'>borum</span> <span class='ocrx_word' id='word_1_12' title='bbox 477 377 651 438; x_wconf 86' lang='lat' dir='ltr'>obscenitas.</span> <span class='ocrx_word' id='word_1_13' title='bbox 694 375 834 438; x_wconf 89' lang='lat' dir='ltr'>Ludendi</span> <span class='ocrx_word' id='word_1_14' title='bbox 853 375 943 436; x_wconf 88' lang='lat' dir='ltr'>etiam</span> <span class='ocrx_word' id='word_1_15' title='bbox 964 386 1008 435; x_wconf 91' lang='lat' dir='ltr'>est</span> <span class='ocrx_word' id='word_1_16' title='bbox 1026 373 1149 449; x_wconf 90' lang='lat' dir='ltr'>quidam</span> 
     </span>
     <span class='ocr_line' id='line_1_3' title="bbox 93 440 1150 547; baseline -0.001 -18"><span class='ocrx_word' id='word_1_17' title='bbox 93 448 166 535; x_wconf 55' lang='lat' dir='ltr'>illisi</span> <span class='ocrx_word' id='word_1_18' title='bbox 182 440 226 480; x_wconf 56' lang='lat' dir='ltr'>and</span> <span class='ocrx_word' id='word_1_19' title='bbox 241 440 310 482; x_wconf 48' lang='lat' dir='ltr'>dm*</span> <span class='ocrx_word' id='word_1_20' title='bbox 349 474 457 533; x_wconf 90' lang='lat' dir='ltr'>modus</span> <span class='ocrx_word' id='word_1_21' title='bbox 490 473 671 547; x_wconf 92' lang='lat' dir='ltr'>retinendus,</span> <span class='ocrx_word' id='word_1_22' title='bbox 699 484 732 533; x_wconf 93' lang='lat' dir='ltr'>ut</span> <span class='ocrx_word' id='word_1_23' title='bbox 766 492 805 533; x_wconf 91' lang='lat' dir='ltr'>ne</span> <span class='ocrx_word' id='word_1_24' title='bbox 839 471 927 531; x_wconf 90' lang='lat' dir='ltr'>nimis</span> <span class='ocrx_word' id='word_1_25' title='bbox 957 470 1059 530; x_wconf 91' lang='lat' dir='ltr'>omnia</span> <span class='ocrx_word' id='word_1_26' title='bbox 1084 489 1150 547; x_wconf 78' lang='lat' dir='ltr'>pro</span> 
     </span>
     <span class='ocr_line' id='line_1_4' title="bbox 94 563 1150 647; baseline 0.005 -26"><span class='ocrx_word' id='word_1_27' title='bbox 94 563 257 624; x_wconf 84' lang='lat' dir='ltr'>fundamus</span> <span class='ocrx_word' id='word_1_28' title='bbox 283 566 411 643; x_wconf 88' lang='lat' dir='ltr'>elatique</span> <span class='ocrx_word' id='word_1_29' title='bbox 438 571 589 647; x_wconf 89' lang='lat' dir='ltr'>voluptate</span> <span class='ocrx_word' id='word_1_30' title='bbox 616 569 648 628; x_wconf 90' lang='lat' dir='ltr'>in</span> <span class='ocrx_word' id='word_1_31' title='bbox 675 569 804 645; x_wconf 83' lang='lat' dir='ltr'><strong>aliquam</strong></span> <span class='ocrx_word' id='word_1_32' title='bbox 831 568 1044 645; x_wconf 84' lang='lat' dir='ltr'>turpitudinem</span> <span class='ocrx_word' id='word_1_33' title='bbox 1071 569 1150 628; x_wconf 91' lang='lat' dir='ltr'>dela-</span> 
     </span>
     <span class='ocr_line' id='line_1_5' title="bbox 92 660 1149 745; baseline 0.004 -25"><span class='ocrx_word' id='word_1_34' title='bbox 92 660 208 722; x_wconf 87' lang='lat' dir='ltr'>bamur.</span> <span class='ocrx_word' id='word_1_35' title='bbox 251 664 447 740; x_wconf 84' lang='lat' dir='ltr'>Suppeditant</span> <span class='ocrx_word' id='word_1_36' title='bbox 460 679 560 728; x_wconf 91' lang='lat' dir='ltr'>autem</span> <span class='ocrx_word' id='word_1_37' title='bbox 574 678 604 728; x_wconf 91' lang='lat' dir='ltr'>et</span> <span class='ocrx_word' id='word_1_38' title='bbox 617 687 739 745; x_wconf 88' lang='lat' dir='ltr'>campus</span> <span class='ocrx_word' id='word_1_39' title='bbox 754 678 853 727; x_wconf 91' lang='lat' dir='ltr'>noster</span> <span class='ocrx_word' id='word_1_40' title='bbox 866 677 896 727; x_wconf 92' lang='lat' dir='ltr'>et</span> <span class='ocrx_word' id='word_1_41' title='bbox 910 665 1008 726; x_wconf 88' lang='lat' dir='ltr'>studia</span> <span class='ocrx_word' id='word_1_42' title='bbox 1020 665 1149 726; x_wconf 86' lang='lat' dir='ltr'>venandi</span> 
     </span>
    </p>
   </div>
   <div class='ocr_carea' id='block_1_3' title="bbox 94 758 1192 840">
    <p class='ocr_par' dir='ltr' id='par_1_3' title="bbox 94 758 1192 840">
     <span class='ocr_line' id='line_1_6' title="bbox 94 758 1192 840; baseline 0.013 -24"><span class='ocrx_word' id='word_1_43' title='bbox 94 758 223 819; x_wconf 88' lang='lat' dir='ltr'>honesta</span> <span class='ocrx_word' id='word_1_44' title='bbox 235 764 370 840; x_wconf 86' lang='lat' dir='ltr'>exempla</span> <span class='ocrx_word' id='word_1_45' title='bbox 382 764 514 824; x_wconf 92' lang='lat' dir='ltr'>ludendi.</span> <span class='ocrx_word' id='word_1_46' title='bbox 1177 779 1192 830; x_wconf 78' lang='lat'>5</span> 
     </span>
    </p>
   </div>
   <div class='ocr_carea' id='block_1_4' title="bbox 8 853 1148 964">
    <p class='ocr_par' dir='ltr' id='par_1_4' title="bbox 8 853 1148 964">
     <span class='ocr_line' id='line_1_7' title="bbox 8 853 1148 964; baseline 0.006 -52"><span class='ocrx_word' id='word_1_47' title='bbox 8 853 81 903; x_wconf 70' lang='lat' dir='ltr'>lxx</span> <span class='ocrx_word' id='word_1_48' title='bbox 122 913 152 964; x_wconf 68' lang='lat'>(1³)</span> <span class='ocrx_word' id='word_1_49' title='bbox 180 922 202 955; x_wconf 54' lang='lat' dir='ltr'>to</span> <span class='ocrx_word' id='word_1_50' title='bbox 229 915 261 956; x_wconf 22' lang='lat' dir='ltr'>de·</span> <span class='ocrx_word' id='word_1_51' title='bbox 282 917 312 958; x_wconf 50' lang='lat' dir='ltr'>ise</span> <span class='ocrx_word' id='word_1_52' title='bbox 414 877 478 937; x_wconf 87' lang='lat'><strong>105.</strong></span> <span class='ocrx_word' id='word_1_53' title='bbox 522 863 582 922; x_wconf 93' lang='lat' dir='ltr'>Sed</span> <span class='ocrx_word' id='word_1_54' title='bbox 600 862 726 939; x_wconf 87' lang='lat' dir='ltr'>pertinet</span> <span class='ocrx_word' id='word_1_55' title='bbox 746 863 786 922; x_wconf 91' lang='lat' dir='ltr'>ad</span> <span class='ocrx_word' id='word_1_56' title='bbox 804 881 925 923; x_wconf 91' lang='lat' dir='ltr'>omnem</span> <span class='ocrx_word' id='word_1_57' title='bbox 943 859 1032 922; x_wconf 88' lang='lat' dir='ltr'>officii</span> <span class='ocrx_word' id='word_1_58' title='bbox 1046 878 1148 936; x_wconf 85' lang='lat' dir='ltr'>quaes-</span> 
     </span>
    </p>
   </div>
   <div class='ocr_carea' id='block_1_5' title="bbox 88 959 1148 1065">
    <p class='ocr_par' dir='ltr' id='par_1_5' title="bbox 88 959 1148 1065">
     <span class='ocr_line' id='line_1_8' title="bbox 88 959 1148 1065; baseline -0.004 -45"><span class='ocrx_word' id='word_1_59' title='bbox 88 964 186 1065; x_wconf 49' lang='grc' dir='ltr'>ζέηῗυέὲ</span> <span class='ocrx_word' id='word_1_60' title='bbox 199 968 312 1058; x_wconf 52' lang='lat' dir='ltr'>ffiocnss</span> <span class='ocrx_word' id='word_1_61' title='bbox 351 969 463 1020; x_wconf 87' lang='lat' dir='ltr'>tronem</span> <span class='ocrx_word' id='word_1_62' title='bbox 491 979 607 1035; x_wconf 89' lang='lat' dir='ltr'>semper</span> <span class='ocrx_word' id='word_1_63' title='bbox 633 959 665 1018; x_wconf 92' lang='lat' dir='ltr'>in</span> <span class='ocrx_word' id='word_1_64' title='bbox 691 971 831 1037; x_wconf 91' lang='lat' dir='ltr'>promptu</span> <span class='ocrx_word' id='word_1_65' title='bbox 857 960 974 1033; x_wconf 92' lang='lat' dir='ltr'>habere,</span> <span class='ocrx_word' id='word_1_66' title='bbox 1004 969 1148 1034; x_wconf 91' lang='lat' dir='ltr'>quantum</span> 
     </span>
    </p>
   </div>
   <div class='ocr_carea' id='block_1_6' title="bbox 81 1049 1194 2198">
    <p class='ocr_par' dir='ltr' id='par_1_6' title="bbox 81 1049 1194 2198">
     <span class='ocr_line' id='line_1_9' title="bbox 96 1049 1149 1129; baseline 0.001 -23"><span class='ocrx_word' id='word_1_67' title='bbox 96 1067 134 1116; x_wconf 80' lang='lat' dir='ltr'>ing</span> <span class='ocrx_word' id='word_1_68' title='bbox 146 1067 183 1106; x_wconf 76' lang='lat' dir='ltr'>ue</span> <span class='ocrx_word' id='word_1_69' title='bbox 195 1067 279 1119; x_wconf 75' lang='lat' dir='ltr'>drgnrty</span> <span class='ocrx_word' id='word_1_70' title='bbox 291 1068 316 1109; x_wconf 79' lang='lat' dir='ltr'>or</span> <span class='ocrx_word' id='word_1_71' title='bbox 351 1063 454 1111; x_wconf 87' lang='lat' dir='ltr'>natura</span> <span class='ocrx_word' id='word_1_72' title='bbox 480 1051 609 1112; x_wconf 90' lang='lat' dir='ltr'>hominis</span> <span class='ocrx_word' id='word_1_73' title='bbox 653 1052 816 1129; x_wconf 87' lang='lat' dir='ltr'>pecudibus</span> <span class='ocrx_word' id='word_1_74' title='bbox 849 1050 1027 1127; x_wconf 85' lang='lat' dir='ltr'>reliquisque</span> <span class='ocrx_word' id='word_1_75' title='bbox 1054 1049 1149 1111; x_wconf 90' lang='lat' dir='ltr'>beluis</span> 
     </span>
     <span class='ocr_line' id='line_1_10' title="bbox 96 1126 1148 1224; baseline -0.005 -15"><span class='ocrx_word' id='word_1_76' title='bbox 96 1129 136 1158; x_wconf 58' lang='grc' dir='ltr'>ου’</span> <span class='ocrx_word' id='word_1_77' title='bbox 144 1126 228 1168; x_wconf 54' lang='grc' dir='ltr'>Μ’</span> <span class='ocrx_word' id='word_1_78' title='bbox 350 1152 513 1211; x_wconf 89' lang='lat' dir='ltr'>antecedat.</span> <span class='ocrx_word' id='word_1_79' title='bbox 558 1153 631 1210; x_wconf 89' lang='lat' dir='ltr'>Illae</span> <span class='ocrx_word' id='word_1_80' title='bbox 651 1151 724 1210; x_wconf 88' lang='lat' dir='ltr'>nihil</span> <span class='ocrx_word' id='word_1_81' title='bbox 743 1150 872 1210; x_wconf 91' lang='lat' dir='ltr'>sentiunt</span> <span class='ocrx_word' id='word_1_82' title='bbox 892 1149 948 1209; x_wconf 88' lang='lat' dir='ltr'>nisi</span> <span class='ocrx_word' id='word_1_83' title='bbox 966 1151 1148 1224; x_wconf 91' lang='lat' dir='ltr'>voluptatem</span> 
     </span>
     <span class='ocr_line' id='line_1_11' title="bbox 97 1244 1194 1325; baseline 0.002 -22"><span class='ocrx_word' id='word_1_84' title='bbox 97 1245 138 1304; x_wconf 87' lang='lat' dir='ltr'>ad</span> <span class='ocrx_word' id='word_1_85' title='bbox 160 1265 287 1323; x_wconf 90' lang='lat' dir='ltr'>eamque</span> <span class='ocrx_word' id='word_1_86' title='bbox 309 1250 441 1308; x_wconf 87' lang='lat' dir='ltr'>seruntur</span> <span class='ocrx_word' id='word_1_87' title='bbox 461 1248 543 1308; x_wconf 91' lang='lat' dir='ltr'>omni</span> <span class='ocrx_word' id='word_1_88' title='bbox 563 1248 686 1325; x_wconf 90' lang='lat' dir='ltr'>impetu,</span> <span class='ocrx_word' id='word_1_89' title='bbox 708 1248 836 1308; x_wconf 92' lang='lat' dir='ltr'>hominis</span> <span class='ocrx_word' id='word_1_90' title='bbox 856 1259 955 1307; x_wconf 90' lang='lat' dir='ltr'>autem</span> <span class='ocrx_word' id='word_1_91' title='bbox 980 1265 1063 1306; x_wconf 92' lang='lat' dir='ltr'>mens</span> <span class='ocrx_word' id='word_1_92' title='bbox 1091 1244 1148 1305; x_wconf 89' lang='lat' dir='ltr'>dis·</span> <span class='ocrx_word' id='word_1_93' title='bbox 1165 1267 1194 1300; x_wconf 88' lang='lat'>10</span> 
     </span>
     <span class='ocr_line' id='line_1_12' title="bbox 81 1331 1149 1421; baseline -0.001 -22"><span class='ocrx_word' id='word_1_94' title='bbox 81 1345 197 1404; x_wconf 84' lang='lat' dir='ltr'>cendo</span> <span class='ocrx_word' id='word_1_95' title='bbox 219 1344 306 1403; x_wconf 89' lang='lat' dir='ltr'>alitur</span> <span class='ocrx_word' id='word_1_96' title='bbox 332 1355 362 1405; x_wconf 92' lang='lat' dir='ltr'>et</span> <span class='ocrx_word' id='word_1_97' title='bbox 389 1344 557 1421; x_wconf 85' lang='lat' dir='ltr'>cogitand0,</span> <span class='ocrx_word' id='word_1_98' title='bbox 584 1364 700 1421; x_wconf 87' lang='lat' dir='ltr'>semper</span> <span class='ocrx_word' id='word_1_99' title='bbox 726 1331 839 1421; x_wconf 78' lang='lat' dir='ltr'>aliquid</span> <span class='ocrx_word' id='word_1_100' title='bbox 866 1355 917 1403; x_wconf 87' lang='lat' dir='ltr'>aut</span> <span class='ocrx_word' id='word_1_101' title='bbox 944 1341 1070 1418; x_wconf 87' lang='lat' dir='ltr'>anquirit</span> <span class='ocrx_word' id='word_1_102' title='bbox 1097 1351 1149 1398; x_wconf 92' lang='lat' dir='ltr'>aut</span> 
     </span>
     <span class='ocr_line' id='line_1_13' title="bbox 97 1437 1148 1517; baseline -0.004 -17"><span class='ocrx_word' id='word_1_103' title='bbox 97 1440 158 1517; x_wconf 86' lang='lat' dir='ltr'>agit</span> <span class='ocrx_word' id='word_1_104' title='bbox 171 1440 352 1517; x_wconf 89' lang='lat' dir='ltr'>videndique</span> <span class='ocrx_word' id='word_1_105' title='bbox 367 1452 397 1501; x_wconf 92' lang='lat' dir='ltr'>et</span> <span class='ocrx_word' id='word_1_106' title='bbox 410 1441 552 1501; x_wconf 85' lang='lat' dir='ltr'>audiendi</span> <span class='ocrx_word' id='word_1_107' title='bbox 566 1441 763 1502; x_wconf 85' lang='lat' dir='ltr'>delectatione</span> <span class='ocrx_word' id='word_1_108' title='bbox 782 1441 904 1501; x_wconf 87' lang='lat' dir='ltr'>ducitur.</span> <span class='ocrx_word' id='word_1_109' title='bbox 949 1440 1030 1514; x_wconf 89' lang='lat' dir='ltr'>Quin</span> <span class='ocrx_word' id='word_1_110' title='bbox 1049 1437 1148 1508; x_wconf 90' lang='lat' dir='ltr'>etiam,</span> 
     </span>
     <span class='ocr_line' id='line_1_14' title="bbox 98 1536 1149 1616; baseline -0.002 -21"><span class='ocrx_word' id='word_1_111' title='bbox 98 1537 123 1595; x_wconf 91' lang='lat' dir='ltr'>si</span> <span class='ocrx_word' id='word_1_112' title='bbox 144 1537 211 1613; x_wconf 93' lang='lat' dir='ltr'>quis</span> <span class='ocrx_word' id='word_1_113' title='bbox 231 1549 276 1598; x_wconf 91' lang='lat' dir='ltr'>est</span> <span class='ocrx_word' id='word_1_114' title='bbox 297 1539 386 1615; x_wconf 87' lang='lat' dir='ltr'>paulo</span> <span class='ocrx_word' id='word_1_115' title='bbox 407 1539 447 1598; x_wconf 91' lang='lat' dir='ltr'>ad</span> <span class='ocrx_word' id='word_1_116' title='bbox 473 1540 638 1615; x_wconf 90' lang='lat' dir='ltr'>voluptates</span> <span class='ocrx_word' id='word_1_117' title='bbox 659 1538 839 1616; x_wconf 87' lang='lat' dir='ltr'>propensior,</span> <span class='ocrx_word' id='word_1_118' title='bbox 861 1539 954 1598; x_wconf 92' lang='lat' dir='ltr'>modo</span> <span class='ocrx_word' id='word_1_119' title='bbox 981 1556 1019 1597; x_wconf 92' lang='lat' dir='ltr'>ne</span> <span class='ocrx_word' id='word_1_120' title='bbox 1047 1536 1084 1595; x_wconf 90' lang='lat' dir='ltr'>sit</span> <span class='ocrx_word' id='word_1_121' title='bbox 1111 1555 1149 1594; x_wconf 86' lang='lat' dir='ltr'>ex</span> 
     </span>
     <span class='ocr_line' id='line_1_15' title="bbox 98 1635 1149 1713; baseline -0.002 -18"><span class='ocrx_word' id='word_1_122' title='bbox 98 1637 250 1712; x_wconf 90' lang='lat' dir='ltr'>pecudum</span> <span class='ocrx_word' id='word_1_123' title='bbox 276 1647 492 1713; x_wconf 86' lang='lat' dir='ltr'>genere—sunt</span> <span class='ocrx_word' id='word_1_124' title='bbox 519 1637 598 1696; x_wconf 91' lang='lat' dir='ltr'>enim</span> <span class='ocrx_word' id='word_1_125' title='bbox 627 1637 748 1713; x_wconf 90' lang='lat' dir='ltr'>quidam</span> <span class='ocrx_word' id='word_1_126' title='bbox 775 1635 910 1696; x_wconf 90' lang='lat' dir='ltr'>homines</span> <span class='ocrx_word' id='word_1_127' title='bbox 941 1654 1002 1695; x_wconf 90' lang='lat' dir='ltr'>non</span> <span class='ocrx_word' id='word_1_128' title='bbox 1033 1654 1074 1703; x_wconf 87' lang='lat' dir='ltr'>re,</span> <span class='ocrx_word' id='word_1_129' title='bbox 1095 1635 1149 1693; x_wconf 90' lang='lat' dir='ltr'>sed</span> 
     </span>
     <span class='ocr_line' id='line_1_16' title="bbox 98 1731 1191 1810; baseline -0.003 -19"><span class='ocrx_word' id='word_1_130' title='bbox 98 1731 316 1792; x_wconf 90' lang='lat' dir='ltr'>nomine-sed</span> <span class='ocrx_word' id='word_1_131' title='bbox 345 1732 370 1792; x_wconf 91' lang='lat' dir='ltr'>si</span> <span class='ocrx_word' id='word_1_132' title='bbox 397 1732 463 1808; x_wconf 91' lang='lat' dir='ltr'>quis</span> <span class='ocrx_word' id='word_1_133' title='bbox 490 1745 534 1793; x_wconf 89' lang='lat' dir='ltr'>est</span> <span class='ocrx_word' id='word_1_134' title='bbox 561 1734 660 1810; x_wconf 90' lang='lat' dir='ltr'>paullo</span> <span class='ocrx_word' id='word_1_135' title='bbox 678 1732 810 1806; x_wconf 88' lang='lat' dir='ltr'>erectior,</span> <span class='ocrx_word' id='word_1_136' title='bbox 839 1731 972 1809; x_wconf 90' lang='lat' dir='ltr'>quamvis</span> <span class='ocrx_word' id='word_1_137' title='bbox 998 1732 1148 1806; x_wconf 87' lang='lat' dir='ltr'>voluptate</span> <span class='ocrx_word' id='word_1_138' title='bbox 1165 1747 1191 1796; x_wconf 82' lang='lat'>¹5</span> 
     </span>
     <span class='ocr_line' id='line_1_17' title="bbox 97 1829 1150 1908; baseline -0.001 -20"><span class='ocrx_word' id='word_1_139' title='bbox 97 1829 238 1907; x_wconf 86' lang='lat' dir='ltr'>capiatur,</span> <span class='ocrx_word' id='word_1_140' title='bbox 260 1831 388 1890; x_wconf 90' lang='lat' dir='ltr'>occultat</span> <span class='ocrx_word' id='word_1_141' title='bbox 409 1842 439 1891; x_wconf 93' lang='lat' dir='ltr'>et</span> <span class='ocrx_word' id='word_1_142' title='bbox 466 1831 631 1891; x_wconf 86' lang='lat' dir='ltr'>dissimulat</span> <span class='ocrx_word' id='word_1_143' title='bbox 658 1831 820 1908; x_wconf 90' lang='lat' dir='ltr'>appetitum</span> <span class='ocrx_word' id='word_1_144' title='bbox 847 1829 1003 1907; x_wconf 91' lang='lat' dir='ltr'>voluptatis</span> <span class='ocrx_word' id='word_1_145' title='bbox 1031 1840 1150 1907; x_wconf 87' lang='lat' dir='ltr'>propter</span> 
     </span>
     <span class='ocr_line' id='line_1_18' title="bbox 97 1926 1149 2006; baseline -0.002 -20"><span class='ocrx_word' id='word_1_146' title='bbox 97 1926 314 1987; x_wconf 89' lang='lat' dir='ltr'>verecundiam.</span> <span class='ocrx_word' id='word_1_147' title='bbox 361 1932 425 1989; x_wconf 88' lang='lat'>106.</span> <span class='ocrx_word' id='word_1_148' title='bbox 462 1931 509 1988; x_wconf 86' lang='lat' dir='ltr'>Ex</span> <span class='ocrx_word' id='word_1_149' title='bbox 531 1948 592 2005; x_wconf 90' lang='lat' dir='ltr'>quo</span> <span class='ocrx_word' id='word_1_150' title='bbox 614 1928 790 2006; x_wconf 89' lang='lat' dir='ltr'>intellegitur</span> <span class='ocrx_word' id='word_1_151' title='bbox 816 1928 946 2005; x_wconf 89' lang='lat' dir='ltr'>corporis</span> <span class='ocrx_word' id='word_1_152' title='bbox 967 1929 1149 2004; x_wconf 89' lang='lat' dir='ltr'>voluptatem</span> 
     </span>
     <span class='ocr_line' id='line_1_19' title="bbox 350 2025 1150 2103; baseline -0.003 -19"><span class='ocrx_word' id='word_1_153' title='bbox 350 2045 411 2085; x_wconf 90' lang='lat' dir='ltr'>non</span> <span class='ocrx_word' id='word_1_154' title='bbox 430 2026 499 2085; x_wconf 92' lang='lat' dir='ltr'>satis</span> <span class='ocrx_word' id='word_1_155' title='bbox 514 2045 578 2085; x_wconf 89' lang='lat' dir='ltr'>esse</span> <span class='ocrx_word' id='word_1_156' title='bbox 597 2026 718 2102; x_wconf 87' lang='lat' dir='ltr'>dignam</span> <span class='ocrx_word' id='word_1_157' title='bbox 732 2025 860 2086; x_wconf 86' lang='lat' dir='ltr'>hominis</span> <span class='ocrx_word' id='word_1_158' title='bbox 877 2026 1055 2103; x_wconf 86' lang='lat' dir='ltr'>praestantia</span> <span class='ocrx_word' id='word_1_159' title='bbox 1071 2044 1150 2084; x_wconf 91' lang='lat' dir='ltr'>eam-</span> 
     </span>
     <span class='ocr_line' id='line_1_20' title="bbox 98 2106 1138 2198; baseline -0.005 -21"><span class='ocrx_word' id='word_1_160' title='bbox 98 2107 149 2198; x_wconf 52' lang='grc' dir='ltr'>ᾗξξς</span> <span class='ocrx_word' id='word_1_161' title='bbox 165 2106 312 2198; x_wconf 46' lang='grc' dir='ltr'>ζζὴζὸξξζᾙζὲ</span> <span class='ocrx_word' id='word_1_162' title='bbox 351 2137 408 2196; x_wconf 91' lang='lat' dir='ltr'>que</span> <span class='ocrx_word' id='word_1_163' title='bbox 423 2117 574 2177; x_wconf 88' lang='lat' dir='ltr'>contemni</span> <span class='ocrx_word' id='word_1_164' title='bbox 588 2129 617 2178; x_wconf 94' lang='lat' dir='ltr'>et</span> <span class='ocrx_word' id='word_1_165' title='bbox 632 2117 701 2177; x_wconf 91' lang='lat' dir='ltr'>reici</span> <span class='ocrx_word' id='word_1_166' title='bbox 713 2130 865 2194; x_wconf 74' lang='lat' dir='ltr'>oportere,</span> <span class='ocrx_word' id='word_1_167' title='bbox 883 2117 928 2176; x_wconf 90' lang='lat' dir='ltr'>sin</span> <span class='ocrx_word' id='word_1_168' title='bbox 943 2117 980 2177; x_wconf 91' lang='lat' dir='ltr'>sit</span> <span class='ocrx_word' id='word_1_169' title='bbox 994 2115 1138 2193; x_wconf 90' lang='lat' dir='ltr'>quispiam</span> 
     </span>
    </p>
   </div>
   <div class='ocr_carea' id='block_1_7' title="bbox 98 2207 1194 2309">
    <p class='ocr_par' dir='ltr' id='par_1_7' title="bbox 98 2207 1194 2309">
     <span class='ocr_line' id='line_1_21' title="bbox 98 2207 1194 2309; baseline -0.002 -34"><span class='ocrx_word' id='word_1_170' title='bbox 98 2207 312 2309; x_wconf 48' lang='lat' dir='ltr'>{glgssh‘ssfjssffilelsffi</span> <span class='ocrx_word' id='word_1_171' title='bbox 350 2216 401 2292; x_wconf 90' lang='lat' dir='ltr'>qui</span> <span class='ocrx_word' id='word_1_172' title='bbox 415 2216 528 2292; x_wconf 88' lang='lat' dir='ltr'>aliquid</span> <span class='ocrx_word' id='word_1_173' title='bbox 546 2216 653 2276; x_wconf 90' lang='lat' dir='ltr'>tribuat</span> <span class='ocrx_word' id='word_1_174' title='bbox 666 2215 817 2292; x_wconf 91' lang='lat' dir='ltr'>voluptati,</span> <span class='ocrx_word' id='word_1_175' title='bbox 833 2215 987 2293; x_wconf 84' lang='lat' dir='ltr'>diligenter</span> <span class='ocrx_word' id='word_1_176' title='bbox 1003 2215 1031 2276; x_wconf 93' lang='lat' dir='ltr'>ei</span> <span class='ocrx_word' id='word_1_177' title='bbox 1048 2228 1149 2276; x_wconf 91' lang='lat' dir='ltr'>tenen·</span> <span class='ocrx_word' id='word_1_178' title='bbox 1163 2235 1194 2268; x_wconf 78' lang='lat'>20</span> 
     </span>
    </p>
   </div>
   <div class='ocr_carea' id='block_1_8' title="bbox 98 2308 1193 2877">
    <p class='ocr_par' dir='ltr' id='par_1_8' title="bbox 98 2308 1193 2877">
     <span class='ocr_line' id='line_1_22' title="bbox 352 2308 1148 2384; baseline -0.003 -15"><span class='ocrx_word' id='word_1_179' title='bbox 352 2311 425 2369; x_wconf 92' lang='lat' dir='ltr'>dum</span> <span class='ocrx_word' id='word_1_180' title='bbox 439 2328 502 2369; x_wconf 91' lang='lat' dir='ltr'>esse</span> <span class='ocrx_word' id='word_1_181' title='bbox 517 2308 580 2368; x_wconf 92' lang='lat' dir='ltr'>eius</span> <span class='ocrx_word' id='word_1_182' title='bbox 599 2310 739 2368; x_wconf 83' lang='lat' dir='ltr'>fruendae</span> <span class='ocrx_word' id='word_1_183' title='bbox 758 2309 889 2367; x_wconf 90' lang='lat' dir='ltr'>modum.</span> <span class='ocrx_word' id='word_1_184' title='bbox 934 2310 1040 2384; x_wconf 89' lang='lat' dir='ltr'>Itaque</span> <span class='ocrx_word' id='word_1_185' title='bbox 1053 2308 1148 2367; x_wconf 90' lang='lat' dir='ltr'>victus</span> 
     </span>
     <span class='ocr_line' id='line_1_23' title="bbox 99 2406 1148 2486; baseline -0.004 -17"><span class='ocrx_word' id='word_1_186' title='bbox 99 2412 255 2486; x_wconf 90' lang='lat' dir='ltr'>cultusque</span> <span class='ocrx_word' id='word_1_187' title='bbox 282 2407 412 2485; x_wconf 90' lang='lat' dir='ltr'>corporis</span> <span class='ocrx_word' id='word_1_188' title='bbox 435 2407 475 2466; x_wconf 91' lang='lat' dir='ltr'>ad</span> <span class='ocrx_word' id='word_1_189' title='bbox 495 2406 694 2466; x_wconf 88' lang='lat' dir='ltr'>valetudinem</span> <span class='ocrx_word' id='word_1_190' title='bbox 715 2408 853 2467; x_wconf 86' lang='lat' dir='ltr'>reseratur</span> <span class='ocrx_word' id='word_1_191' title='bbox 872 2417 902 2466; x_wconf 91' lang='lat' dir='ltr'>et</span> <span class='ocrx_word' id='word_1_192' title='bbox 922 2407 962 2466; x_wconf 88' lang='lat' dir='ltr'>ad</span> <span class='ocrx_word' id='word_1_193' title='bbox 981 2406 1065 2480; x_wconf 90' lang='lat' dir='ltr'>vires,</span> <span class='ocrx_word' id='word_1_194' title='bbox 1087 2425 1148 2466; x_wconf 92' lang='lat' dir='ltr'>non</span> 
     </span>
     <span class='ocr_line' id='line_1_24' title="bbox 98 2504 1148 2583; baseline -0.004 -15"><span class='ocrx_word' id='word_1_195' title='bbox 98 2509 139 2568; x_wconf 89' lang='lat' dir='ltr'>ad</span> <span class='ocrx_word' id='word_1_196' title='bbox 151 2509 341 2583; x_wconf 88' lang='lat' dir='ltr'>voluptatem.</span> <span class='ocrx_word' id='word_1_197' title='bbox 383 2507 483 2581; x_wconf 89' lang='lat' dir='ltr'>Atque</span> <span class='ocrx_word' id='word_1_198' title='bbox 502 2504 591 2564; x_wconf 88' lang='lat' dir='ltr'>etiam</span> <span class='ocrx_word' id='word_1_199' title='bbox 611 2504 634 2564; x_wconf 93' lang='lat' dir='ltr'>si</span> <span class='ocrx_word' id='word_1_200' title='bbox 655 2504 840 2564; x_wconf 91' lang='lat' dir='ltr'>considerare</span> <span class='ocrx_word' id='word_1_201' title='bbox 856 2504 992 2564; x_wconf 91' lang='lat' dir='ltr'>volumus</span> <span class='ocrx_word' id='word_1_202' title='bbox 1016 2524 1092 2582; x_wconf 90' lang='lat' dir='ltr'>quae</span> <span class='ocrx_word' id='word_1_203' title='bbox 1111 2506 1148 2565; x_wconf 93' lang='lat' dir='ltr'>sit</span> 
     </span>
     <span class='ocr_line' id='line_1_25' title="bbox 98 2600 1148 2679; baseline -0.002 -15"><span class='ocrx_word' id='word_1_204' title='bbox 98 2604 130 2664; x_wconf 90' lang='lat' dir='ltr'>in</span> <span class='ocrx_word' id='word_1_205' title='bbox 151 2615 255 2663; x_wconf 86' lang='lat' dir='ltr'>natura</span> <span class='ocrx_word' id='word_1_206' title='bbox 274 2603 398 2661; x_wconf 77' lang='lat' dir='ltr'>hominis</span> <span class='ocrx_word' id='word_1_207' title='bbox 418 2602 592 2662; x_wconf 86' lang='lat' dir='ltr'>excellentia</span> <span class='ocrx_word' id='word_1_208' title='bbox 615 2612 645 2662; x_wconf 91' lang='lat' dir='ltr'>et</span> <span class='ocrx_word' id='word_1_209' title='bbox 669 2601 803 2678; x_wconf 83' lang='lat' dir='ltr'>dignitas,</span> <span class='ocrx_word' id='word_1_210' title='bbox 824 2600 1036 2679; x_wconf 87' lang='lat' dir='ltr'>intellegemus,</span> <span class='ocrx_word' id='word_1_211' title='bbox 1058 2622 1148 2678; x_wconf 89' lang='lat' dir='ltr'>quam</span> 
     </span>
     <span class='ocr_line' id='line_1_26' title="bbox 99 2698 1193 2776; baseline -0.007 -15"><span class='ocrx_word' id='word_1_212' title='bbox 99 2701 137 2762; x_wconf 90' lang='lat' dir='ltr'>sit</span> <span class='ocrx_word' id='word_1_213' title='bbox 151 2711 236 2775; x_wconf 92' lang='lat' dir='ltr'>turpe</span> <span class='ocrx_word' id='word_1_214' title='bbox 255 2699 387 2759; x_wconf 89' lang='lat' dir='ltr'>diffluere</span> <span class='ocrx_word' id='word_1_215' title='bbox 406 2698 520 2757; x_wconf 86' lang='lat' dir='ltr'>luxuria</span> <span class='ocrx_word' id='word_1_216' title='bbox 537 2709 567 2758; x_wconf 89' lang='lat' dir='ltr'>et</span> <span class='ocrx_word' id='word_1_217' title='bbox 584 2698 709 2759; x_wconf 85' lang='lat' dir='ltr'>delicate</span> <span class='ocrx_word' id='word_1_218' title='bbox 726 2718 761 2758; x_wconf 91' lang='lat' dir='ltr'>ac</span> <span class='ocrx_word' id='word_1_219' title='bbox 777 2698 905 2759; x_wconf 88' lang='lat' dir='ltr'>molliter</span> <span class='ocrx_word' id='word_1_220' title='bbox 924 2698 1029 2773; x_wconf 87' lang='lat' dir='ltr'>vivere,</span> <span class='ocrx_word' id='word_1_221' title='bbox 1047 2718 1148 2776; x_wconf 90' lang='lat' dir='ltr'>quam·</span> <span class='ocrx_word' id='word_1_222' title='bbox 1163 2716 1193 2765; x_wconf 78' lang='lat'>25</span> 
     </span>
     <span class='ocr_line' id='line_1_27' title="bbox 99 2796 861 2877; baseline 0 -19"><span class='ocrx_word' id='word_1_223' title='bbox 99 2819 159 2877; x_wconf 89' lang='lat' dir='ltr'>que</span> <span class='ocrx_word' id='word_1_224' title='bbox 173 2801 331 2858; x_wconf 89' lang='lat' dir='ltr'>honestum</span> <span class='ocrx_word' id='word_1_225' title='bbox 345 2817 431 2874; x_wconf 90' lang='lat' dir='ltr'>parce</span> <span class='ocrx_word' id='word_1_226' title='bbox 446 2797 636 2871; x_wconf 91' lang='lat' dir='ltr'>continenter,</span> <span class='ocrx_word' id='word_1_227' title='bbox 645 2817 749 2865; x_wconf 77' lang='lat' dir='ltr'>severe¹</span> <span class='ocrx_word' id='word_1_228' title='bbox 757 2796 861 2858; x_wconf 91' lang='lat' dir='ltr'>sobrie.</span> 
     </span>
    </p>
   </div>
   <div class='ocr_carea' id='block_1_9' title="bbox 414 2894 1147 2974">
    <p class='ocr_par' dir='ltr' id='par_1_9' title="bbox 414 2894 1147 2974">
     <span class='ocr_line' id='line_1_28' title="bbox 414 2894 1147 2974; baseline 0.005 -22"><span class='ocrx_word' id='word_1_229' title='bbox 414 2912 478 2968; x_wconf 85' lang='lat'><em>107.</em></span> <span class='ocrx_word' id='word_1_230' title='bbox 523 2895 761 2970; x_wconf 87' lang='lat' dir='ltr'>Intellegendum</span> <span class='ocrx_word' id='word_1_231' title='bbox 775 2894 864 2954; x_wconf 89' lang='lat' dir='ltr'>etiam</span> <span class='ocrx_word' id='word_1_232' title='bbox 883 2906 927 2955; x_wconf 90' lang='lat' dir='ltr'>est</span> <span class='ocrx_word' id='word_1_233' title='bbox 945 2897 1058 2957; x_wconf 92' lang='lat' dir='ltr'>duabus</span> <span class='ocrx_word' id='word_1_234' title='bbox 1078 2918 1147 2974; x_wconf 91' lang='lat' dir='ltr'>qua·</span> 
     </span>
    </p>
   </div>
   <div class='ocr_carea' id='block_1_10' title="bbox 99 2975 1149 3077">
    <p class='ocr_par' dir='ltr' id='par_1_10' title="bbox 99 2975 1149 3077">
     <span class='ocr_line' id='line_1_29' title="bbox 99 2975 1149 3077; baseline -0.002 -23"><span class='ocrx_word' id='word_1_235' title='bbox 99 2975 313 3077; x_wconf 49' lang='grc' dir='ltr'>μζξῗῇῑὲξξᾝζ</span> <span class='ocrx_word' id='word_1_236' title='bbox 351 2990 376 3050; x_wconf 93' lang='lat' dir='ltr'>si</span> <span class='ocrx_word' id='word_1_237' title='bbox 398 3010 452 3050; x_wconf 92' lang='lat' dir='ltr'>nos</span> <span class='ocrx_word' id='word_1_238' title='bbox 475 3010 493 3049; x_wconf 93' lang='lat' dir='ltr'>a</span> <span class='ocrx_word' id='word_1_239' title='bbox 516 3003 620 3050; x_wconf 90' lang='lat' dir='ltr'>natura</span> <span class='ocrx_word' id='word_1_240' title='bbox 640 2991 761 3050; x_wconf 89' lang='lat' dir='ltr'>indutos</span> <span class='ocrx_word' id='word_1_241' title='bbox 781 3010 846 3051; x_wconf 91' lang='lat' dir='ltr'>esse</span> <span class='ocrx_word' id='word_1_242' title='bbox 863 2992 1003 3068; x_wconf 89' lang='lat' dir='ltr'>personis,</span> <span class='ocrx_word' id='word_1_243' title='bbox 1023 3013 1149 3069; x_wconf 87' lang='lat' dir='ltr'>quarum</span> 
     </span>
    </p>
   </div>
   <div class='ocr_carea' id='block_1_11' title="bbox 100 3077 1149 3176">
    <p class='ocr_par' dir='ltr' id='par_1_11' title="bbox 100 3077 1149 3176">
     <span class='ocr_line' id='line_1_30' title="bbox 100 3077 1149 3176; baseline 0.002 -34"><span class='ocrx_word' id='word_1_244' title='bbox 100 3077 313 3176; x_wconf 50' lang='lat' dir='ltr'>{Jpssgjtfigffffiffi</span> <span class='ocrx_word' id='word_1_245' title='bbox 349 3083 586 3143; x_wconf 91' lang='lat' dir='ltr'>unacommunis</span> <span class='ocrx_word' id='word_1_246' title='bbox 600 3094 645 3142; x_wconf 93' lang='lat' dir='ltr'>est</span> <span class='ocrx_word' id='word_1_247' title='bbox 663 3102 701 3143; x_wconf 83' lang='lat' dir='ltr'>ex</span> <span class='ocrx_word' id='word_1_248' title='bbox 714 3102 760 3155; x_wconf 92' lang='lat' dir='ltr'>eo,</span> <span class='ocrx_word' id='word_1_249' title='bbox 776 3085 858 3159; x_wconf 90' lang='lat' dir='ltr'>quod</span> <span class='ocrx_word' id='word_1_250' title='bbox 876 3103 980 3145; x_wconf 91' lang='lat' dir='ltr'>omnes</span> <span class='ocrx_word' id='word_1_251' title='bbox 993 3087 1149 3162; x_wconf 88' lang='lat' dir='ltr'>participes</span> 
     </span>
    </p>
   </div>
   <div class='ocr_carea' id='block_1_12' title="bbox 100 3176 1194 3266">
    <p class='ocr_par' dir='ltr' id='par_1_12' title="bbox 100 3176 1194 3266">
     <span class='ocr_line' id='line_1_31' title="bbox 100 3176 1194 3266; baseline -0.003 -25"><span class='ocrx_word' id='word_1_252' title='bbox 100 3176 314 3266; x_wconf 53' lang='lat' dir='ltr'>gh&#39;acllfjgagflffi‘}</span> <span class='ocrx_word' id='word_1_253' title='bbox 351 3200 451 3242; x_wconf 92' lang='lat' dir='ltr'>sumus</span> <span class='ocrx_word' id='word_1_254' title='bbox 479 3179 598 3240; x_wconf 88' lang='lat' dir='ltr'>rationis</span> <span class='ocrx_word' id='word_1_255' title='bbox 623 3179 876 3256; x_wconf 87' lang='lat' dir='ltr'>praestantiaeque</span> <span class='ocrx_word' id='word_1_256' title='bbox 896 3181 968 3255; x_wconf 91' lang='lat' dir='ltr'>eius,</span> <span class='ocrx_word' id='word_1_257' title='bbox 991 3202 1051 3259; x_wconf 92' lang='lat' dir='ltr'>qua</span> <span class='ocrx_word' id='word_1_258' title='bbox 1070 3195 1149 3242; x_wconf 90' lang='lat' dir='ltr'>ante·</span> <span class='ocrx_word' id='word_1_259' title='bbox 1163 3205 1194 3250; x_wconf 85' lang='lat'>30</span> 
     </span>
    </p>
   </div>
   <div class='ocr_carea' id='block_1_13' title="bbox 99 3276 1149 3375">
    <p class='ocr_par' dir='ltr' id='par_1_13' title="bbox 99 3276 1149 3375">
     <span class='ocr_line' id='line_1_32' title="bbox 99 3276 1149 3375; baseline 0.007 -43"><span class='ocrx_word' id='word_1_260' title='bbox 99 3276 315 3375; x_wconf 51' lang='lat' dir='ltr'>[ffifflpffigffi</span> <span class='ocrx_word' id='word_1_261' title='bbox 352 3279 484 3339; x_wconf 91' lang='lat' dir='ltr'>cellimus</span> <span class='ocrx_word' id='word_1_262' title='bbox 504 3277 614 3351; x_wconf 91' lang='lat' dir='ltr'>bestiis,</span> <span class='ocrx_word' id='word_1_263' title='bbox 639 3297 657 3336; x_wconf 89' lang='lat' dir='ltr'>a</span> <span class='ocrx_word' id='word_1_264' title='bbox 684 3297 743 3354; x_wconf 91' lang='lat' dir='ltr'>qua</span> <span class='ocrx_word' id='word_1_265' title='bbox 770 3297 859 3338; x_wconf 90' lang='lat' dir='ltr'>omne</span> <span class='ocrx_word' id='word_1_266' title='bbox 881 3280 1038 3339; x_wconf 92' lang='lat' dir='ltr'>honestum</span> <span class='ocrx_word' id='word_1_267' title='bbox 1063 3281 1149 3339; x_wconf 92' lang='lat' dir='ltr'>deeo-</span> 
     </span>
    </p>
   </div>
   <div class='ocr_carea' id='block_1_14' title="bbox 100 3375 1149 3473">
    <p class='ocr_par' dir='ltr' id='par_1_14' title="bbox 100 3375 1149 3473">
     <span class='ocr_line' id='line_1_33' title="bbox 100 3375 1149 3473; baseline 0 -38"><span class='ocrx_word' id='word_1_268' title='bbox 100 3375 314 3473; x_wconf 49' lang='lat' dir='ltr'>ssgpiffiligffdfn</span> <span class='ocrx_word' id='word_1_269' title='bbox 351 3396 475 3453; x_wconf 91' lang='lat' dir='ltr'>rumque</span> <span class='ocrx_word' id='word_1_270' title='bbox 502 3376 625 3436; x_wconf 88' lang='lat' dir='ltr'>trahitur</span> <span class='ocrx_word' id='word_1_271' title='bbox 651 3387 681 3436; x_wconf 89' lang='lat' dir='ltr'>et</span> <span class='ocrx_word' id='word_1_272' title='bbox 708 3396 746 3436; x_wconf 88' lang='lat' dir='ltr'>ex</span> <span class='ocrx_word' id='word_1_273' title='bbox 780 3395 839 3452; x_wconf 91' lang='lat' dir='ltr'>qua</span> <span class='ocrx_word' id='word_1_274' title='bbox 872 3376 946 3437; x_wconf 90' lang='lat' dir='ltr'>ratio</span> <span class='ocrx_word' id='word_1_275' title='bbox 979 3376 1149 3437; x_wconf 90' lang='lat' dir='ltr'>inveniendi</span> 
     </span>
    </p>
   </div>
   <div class='ocr_carea' id='block_1_15' title="bbox 100 3469 1151 3647">
    <p class='ocr_par' dir='ltr' id='par_1_15' title="bbox 100 3469 1151 3647">
     <span class='ocr_line' id='line_1_34' title="bbox 352 3469 1151 3547; baseline 0.001 -16"><span class='ocrx_word' id='word_1_276' title='bbox 352 3470 440 3531; x_wconf 91' lang='lat' dir='ltr'>officii</span> <span class='ocrx_word' id='word_1_277' title='bbox 454 3469 621 3546; x_wconf 83' lang='lat' dir='ltr'>exquiritur,</span> <span class='ocrx_word' id='word_1_278' title='bbox 636 3471 726 3529; x_wconf 88' lang='lat' dir='ltr'>altera</span> <span class='ocrx_word' id='word_1_279' title='bbox 741 3481 850 3543; x_wconf 88' lang='lat' dir='ltr'>autem,</span> <span class='ocrx_word' id='word_1_280' title='bbox 865 3488 942 3546; x_wconf 91' lang='lat' dir='ltr'>quae</span> <span class='ocrx_word' id='word_1_281' title='bbox 960 3470 1075 3547; x_wconf 88' lang='lat' dir='ltr'>proprie</span> <span class='ocrx_word' id='word_1_282' title='bbox 1094 3472 1151 3532; x_wconf 90' lang='lat' dir='ltr'>sin·</span> 
     </span>
     <span class='ocr_line' id='line_1_35' title="bbox 100 3565 1151 3647; baseline 0.001 -19"><span class='ocrx_word' id='word_1_283' title='bbox 100 3568 176 3647; x_wconf 81' lang='lat' dir='ltr'>gulis</span> <span class='ocrx_word' id='word_1_284' title='bbox 196 3579 241 3628; x_wconf 91' lang='lat' dir='ltr'>est</span> <span class='ocrx_word' id='word_1_285' title='bbox 261 3567 376 3628; x_wconf 85' lang='lat' dir='ltr'>tributa.</span> <span class='ocrx_word' id='word_1_286' title='bbox 419 3568 463 3628; x_wconf 92' lang='lat' dir='ltr'>Ut</span> <span class='ocrx_word' id='word_1_287' title='bbox 482 3566 563 3626; x_wconf 91' lang='lat' dir='ltr'>enim</span> <span class='ocrx_word' id='word_1_288' title='bbox 583 3565 615 3625; x_wconf 91' lang='lat' dir='ltr'>in</span> <span class='ocrx_word' id='word_1_289' title='bbox 635 3566 806 3643; x_wconf 88' lang='lat' dir='ltr'>corporibus</span> <span class='ocrx_word' id='word_1_290' title='bbox 827 3585 952 3644; x_wconf 86' lang='lat' dir='ltr'>magnae</span> <span class='ocrx_word' id='word_1_291' title='bbox 974 3566 1151 3629; x_wconf 89' lang='lat' dir='ltr'>dissimilitu-</span> 
     </span>
    </p>
   </div>
   <div class='ocr_carea' id='block_1_16' title="bbox 97 3708 1144 3775">
    <p class='ocr_par' dir='ltr' id='par_1_16' title="bbox 97 3708 1144 3775">
     <span class='ocr_line' id='line_1_36' title="bbox 97 3708 1144 3775; baseline -0.001 -14"><span class='ocrx_word' id='word_1_292' title='bbox 97 3712 188 3775; x_wconf 76' lang='lat' dir='ltr'>dignus</span> <span class='ocrx_word' id='word_1_293' title='bbox 202 3711 272 3770; x_wconf 64' lang='lat' dir='ltr'>Ua,</span> <span class='ocrx_word' id='word_1_294' title='bbox 285 3715 314 3759; x_wconf 90' lang='lat' dir='ltr'>ut</span> <span class='ocrx_word' id='word_1_295' title='bbox 328 3709 349 3759; x_wconf 90' lang='lat' dir='ltr'>si</span> <span class='ocrx_word' id='word_1_296' title='bbox 366 3708 467 3758; x_wconf 84' lang='lat' dir='ltr'>remisso</span> <span class='ocrx_word' id='word_1_297' title='bbox 482 3708 575 3765; x_wconf 79' lang='lat' dir='ltr'>animo,</span> <span class='ocrx_word' id='word_1_298' title='bbox 590 3725 680 3773; x_wconf 79' lang='lat' dir='ltr'>ntagno</span> <span class='ocrx_word' id='word_1_299' title='bbox 695 3709 796 3759; x_wconf 87' lang='lat' dir='ltr'>homine</span> <span class='ocrx_word' id='word_1_300' title='bbox 810 3709 900 3774; x_wconf 79' lang='lat' dir='ltr'>dignus</span> <span class='ocrx_word' id='word_1_301' title='bbox 916 3711 1014 3771; x_wconf 54' lang='lat' dir='ltr'>Iltirta:</span> <span class='ocrx_word' id='word_1_302' title='bbox 1030 3711 1065 3769; x_wconf 87' lang='lat' dir='ltr'>lit,</span> <span class='ocrx_word' id='word_1_303' title='bbox 1081 3719 1108 3761; x_wconf 90' lang='lat' dir='ltr'>ut</span> <span class='ocrx_word' id='word_1_304' title='bbox 1123 3712 1144 3760; x_wconf 93' lang='lat' dir='ltr'>si</span> 
     </span>
    </p>
   </div>
   <div class='ocr_carea' id='block_1_17' title="bbox 93 3790 1157 3919">
    <p class='ocr_par' dir='ltr' id='par_1_17' title="bbox 93 3790 1157 3919">
     <span class='ocr_line' id='line_1_37' title="bbox 98 3790 1157 3858; baseline 0.001 -16"><span class='ocrx_word' id='word_1_305' title='bbox 98 3809 117 3842; x_wconf 91' lang='lat' dir='ltr'>r.</span> <span class='ocrx_word' id='word_1_306' title='bbox 127 3808 163 3852; x_wconf 75' lang='lat' dir='ltr'>a,</span> <span class='ocrx_word' id='word_1_307' title='bbox 174 3790 318 3857; x_wconf 74' lang='lat' dir='ltr'>graussimo</span> <span class='ocrx_word' id='word_1_308' title='bbox 330 3790 430 3840; x_wconf 88' lang='lat' dir='ltr'>homine</span> <span class='ocrx_word' id='word_1_309' title='bbox 441 3791 531 3856; x_wconf 77' lang='lat' dir='ltr'>dignus</span> <span class='ocrx_word' id='word_1_310' title='bbox 541 3791 591 3840; x_wconf 83' lang='lat' dir='ltr'>Mu</span> <span class='ocrx_word' id='word_1_311' title='bbox 628 3795 640 3854; x_wconf 73' lang='lat' dir='ltr'>l</span> <span class='ocrx_word' id='word_1_312' title='bbox 681 3807 711 3858; x_wconf 77' lang='lat'>²4</span> <span class='ocrx_word' id='word_1_313' title='bbox 728 3798 818 3843; x_wconf 86' lang='lat' dir='ltr'>natura</span> <span class='ocrx_word' id='word_1_314' title='bbox 827 3791 893 3844; x_wconf 82' lang='lat' dir='ltr'>codd.</span> <span class='ocrx_word' id='word_1_315' title='bbox 908 3792 1157 3855; x_wconf 43' lang='lat' dir='ltr'>almumalmum</span> 
     </span>
     <span class='ocr_line' id='line_1_38' title="bbox 93 3869 320 3919; baseline -0.022 0"><span class='ocrx_word' id='word_1_316' title='bbox 93 3873 136 3919; x_wconf 62' lang='lat' dir='ltr'>ste</span> <span class='ocrx_word' id='word_1_317' title='bbox 143 3869 320 3918; x_wconf 66' lang='lat' dir='ltr'>Orllaiulu</span> 
     </span>
    </p>
   </div>
   <div class='ocr_carea' id='block_1_18' title="bbox 0 0 1301 4184">
    <p class='ocr_par' dir='ltr' id='par_1_18' title="bbox 0 0 1301 4184">
     <span class='ocr_line' id='line_1_39' title="bbox 0 0 1301 4184; baseline 0 0"><span class='ocrx_word' id='word_1_318' title='bbox 0 0 1301 4184; x_wconf 95' lang='lat' dir='ltr'> </span> 
     </span>
    </p>
   </div>
  </div>
 </body>
</html>
