<?xml version="1.0" encoding="UTF-8"?>
<!DOCTYPE html PUBLIC "-//W3C//DTD XHTML 1.0 Transitional//EN"
    "http://www.w3.org/TR/xhtml1/DTD/xhtml1-transitional.dtd">
<html xmlns="http://www.w3.org/1999/xhtml" xml:lang="en" lang="en">
 <head>
  <title>
</title>
<meta http-equiv="Content-Type" content="text/html;charset=utf-8" />
  <meta name='ocr-system' content='tesseract 3.04.00' />
  <meta name='ocr-capabilities' content='ocr_page ocr_carea ocr_par ocr_line ocrx_word'/>
</head>
<body>
  <div class='ocr_page' id='page_1' title='image "./mtvlliciceronis00holdgoog_0118.png"; bbox 0 0 2580 4184; ppageno 0'>
   <div class='ocr_carea' id='block_1_1' title="bbox 129 160 1177 249">
    <p class='ocr_par' dir='ltr' id='par_1_1' title="bbox 129 160 1177 249">
     <span class='ocr_line' id='line_1_1' title="bbox 129 160 1177 249; baseline 0.008 -29"><span class='ocrx_word' id='word_1_1' title='bbox 129 163 167 234; x_wconf 83' lang='lat'>78</span> <span class='ocrx_word' id='word_1_2' title='bbox 576 166 627 225; x_wconf 84' lang='lat' dir='ltr'>De</span> <span class='ocrx_word' id='word_1_3' title='bbox 639 167 735 244; x_wconf 82' lang='lat' dir='ltr'>gloria</span> <span class='ocrx_word' id='word_1_4' title='bbox 1005 160 1051 249; x_wconf 87' lang='lat'>[11</span> <span class='ocrx_word' id='word_1_5' title='bbox 1067 184 1122 228; x_wconf 85' lang='lat' dir='ltr'>xrv</span> <span class='ocrx_word' id='word_1_6' title='bbox 1136 183 1177 245; x_wconf 84' lang='lat'>49</span> 
     </span>
    </p>
   </div>
   <div class='ocr_carea' id='block_1_2' title="bbox 125 328 1223 798">
    <p class='ocr_par' dir='ltr' id='par_1_2' title="bbox 125 328 1223 798">
     <span class='ocr_line' id='line_1_2' title="bbox 127 328 1177 411; baseline 0.009 -23"><span class='ocrx_word' id='word_1_7' title='bbox 127 328 284 390; x_wconf 89' lang='lat' dir='ltr'>admiratio</span> <span class='ocrx_word' id='word_1_8' title='bbox 311 331 433 408; x_wconf 91' lang='lat' dir='ltr'><strong>copiose</strong></span> <span class='ocrx_word' id='word_1_9' title='bbox 460 331 666 409; x_wconf 79' lang='lat' dir='ltr'>sapienterque</span> <span class='ocrx_word' id='word_1_10' title='bbox 693 332 827 408; x_wconf 89' lang='lat' dir='ltr'>dicentis,</span> <span class='ocrx_word' id='word_1_11' title='bbox 853 353 942 410; x_wconf 90' lang='lat' dir='ltr'>quem</span> <span class='ocrx_word' id='word_1_12' title='bbox 970 333 1022 411; x_wconf 89' lang='lat' dir='ltr'>qui</span> <span class='ocrx_word' id='word_1_13' title='bbox 1049 333 1177 397; x_wconf 91' lang='lat' dir='ltr'>audiunt</span> 
     </span>
     <span class='ocr_line' id='line_1_3' title="bbox 125 425 1177 507; baseline 0.006 -21"><span class='ocrx_word' id='word_1_14' title='bbox 125 425 295 503; x_wconf 85' lang='lat' dir='ltr'>intellegere</span> <span class='ocrx_word' id='word_1_15' title='bbox 316 427 406 487; x_wconf 90' lang='lat' dir='ltr'>etiam</span> <span class='ocrx_word' id='word_1_16' title='bbox 423 438 454 488; x_wconf 94' lang='lat' dir='ltr'>et</span> <span class='ocrx_word' id='word_1_17' title='bbox 472 447 575 506; x_wconf 83' lang='lat' dir='ltr'>sapere</span> <span class='ocrx_word' id='word_1_18' title='bbox 592 431 660 505; x_wconf 90' lang='lat' dir='ltr'>plus</span> <span class='ocrx_word' id='word_1_19' title='bbox 678 449 766 507; x_wconf 91' lang='lat' dir='ltr'>quam</span> <span class='ocrx_word' id='word_1_20' title='bbox 784 441 898 492; x_wconf 92' lang='lat' dir='ltr'>ceteros</span> <span class='ocrx_word' id='word_1_21' title='bbox 916 430 1100 491; x_wconf 83' lang='lat' dir='ltr'>arbitrantur.</span> <span class='ocrx_word' id='word_1_22' title='bbox 1144 430 1177 492; x_wconf 89' lang='lat' dir='ltr'>si</span> 
     </span>
     <span class='ocr_line' id='line_1_4' title="bbox 125 521 1178 602; baseline 0.006 -21"><span class='ocrx_word' id='word_1_23' title='bbox 125 540 197 582; x_wconf 89' lang='lat' dir='ltr'>vero</span> <span class='ocrx_word' id='word_1_24' title='bbox 217 521 295 582; x_wconf 90' lang='lat' dir='ltr'>inest</span> <span class='ocrx_word' id='word_1_25' title='bbox 315 521 347 582; x_wconf 91' lang='lat' dir='ltr'>in</span> <span class='ocrx_word' id='word_1_26' title='bbox 369 523 502 584; x_wconf 91' lang='lat' dir='ltr'>oratione</span> <span class='ocrx_word' id='word_1_27' title='bbox 523 523 615 585; x_wconf 85' lang='lat' dir='ltr'>mixta</span> <span class='ocrx_word' id='word_1_28' title='bbox 636 526 781 587; x_wconf 92' lang='lat' dir='ltr'>modestia</span> <span class='ocrx_word' id='word_1_29' title='bbox 800 526 935 602; x_wconf 89' lang='lat' dir='ltr'>gravitas,</span> <span class='ocrx_word' id='word_1_30' title='bbox 957 526 1031 587; x_wconf 90' lang='lat' dir='ltr'>nihil</span> <span class='ocrx_word' id='word_1_31' title='bbox 1052 527 1178 587; x_wconf 87' lang='lat' dir='ltr'>admira·</span> 
     </span>
     <span class='ocr_line' id='line_1_5' title="bbox 126 616 1175 701; baseline 0.006 -23"><span class='ocrx_word' id='word_1_32' title='bbox 126 616 213 678; x_wconf 91' lang='lat' dir='ltr'>bilius</span> <span class='ocrx_word' id='word_1_33' title='bbox 240 618 303 679; x_wconf 87' lang='lat' dir='ltr'>fieri</span> <span class='ocrx_word' id='word_1_34' title='bbox 328 632 428 698; x_wconf 88' lang='lat' dir='ltr'>potest</span> <span class='ocrx_word' id='word_1_35' title='bbox 461 639 557 697; x_wconf 88' lang='lat' dir='ltr'>eoque</span> <span class='ocrx_word' id='word_1_36' title='bbox 584 623 685 701; x_wconf 88' lang='lat' dir='ltr'>magis,</span> <span class='ocrx_word' id='word_1_37' title='bbox 708 623 734 683; x_wconf 93' lang='lat' dir='ltr'>si</span> <span class='ocrx_word' id='word_1_38' title='bbox 760 643 796 684; x_wconf 87' lang='lat' dir='ltr'>ea</span> <span class='ocrx_word' id='word_1_39' title='bbox 823 635 891 684; x_wconf 93' lang='lat' dir='ltr'>sunt</span> <span class='ocrx_word' id='word_1_40' title='bbox 918 623 949 683; x_wconf 92' lang='lat' dir='ltr'>in</span> <span class='ocrx_word' id='word_1_41' title='bbox 976 625 1175 686; x_wconf 88' lang='lat' dir='ltr'>adulescente.</span> 
     </span>
     <span class='ocr_line' id='line_1_6' title="bbox 127 709 1223 798; baseline 0.002 -20"><span class='ocrx_word' id='word_1_42' title='bbox 127 709 240 761; x_wconf 49' lang='lat' dir='ltr'>‘mul</span> <span class='ocrx_word' id='word_1_43' title='bbox 248 711 270 752; x_wconf 74' lang='lat'>⁵¹¹</span> <span class='ocrx_word' id='word_1_44' title='bbox 280 712 338 753; x_wconf 69' lang='lat'>1²¹⁰·</span> <span class='ocrx_word' id='word_1_45' title='bbox 376 738 423 796; x_wconf 86' lang='lat'>49.</span> <span class='ocrx_word' id='word_1_46' title='bbox 446 722 506 781; x_wconf 91' lang='lat' dir='ltr'>Sed</span> <span class='ocrx_word' id='word_1_47' title='bbox 527 739 596 780; x_wconf 92' lang='lat' dir='ltr'>cum</span> <span class='ocrx_word' id='word_1_48' title='bbox 616 719 675 780; x_wconf 89' lang='lat' dir='ltr'>sint</span> <span class='ocrx_word' id='word_1_49' title='bbox 694 722 778 798; x_wconf 88' lang='lat' dir='ltr'>plura</span> <span class='ocrx_word' id='word_1_50' title='bbox 795 739 950 780; x_wconf 90' lang='lat' dir='ltr'>causarum</span> <span class='ocrx_word' id='word_1_51' title='bbox 966 739 1082 796; x_wconf 87' lang='lat' dir='ltr'>genera,</span> <span class='ocrx_word' id='word_1_52' title='bbox 1098 739 1176 796; x_wconf 87' lang='lat' dir='ltr'>quae</span> <span class='ocrx_word' id='word_1_53' title='bbox 1208 748 1223 796; x_wconf 81' lang='lat'>5</span> 
     </span>
    </p>
   </div>
   <div class='ocr_carea' id='block_1_3' title="bbox 127 761 340 803">
    <p class='ocr_par' dir='ltr' id='par_1_3' title="bbox 127 761 340 803">
     <span class='ocr_line' id='line_1_7' title="bbox 127 761 340 803; baseline 0.019 -4"><span class='ocrx_word' id='word_1_54' title='bbox 127 761 340 803; x_wconf 79' lang='lat' dir='ltr'>secutionandDe·</span> 
     </span>
    </p>
   </div>
   <div class='ocr_carea' id='block_1_4' title="bbox 126 809 1175 907">
    <p class='ocr_par' dir='ltr' id='par_1_4' title="bbox 126 809 1175 907">
     <span class='ocr_line' id='line_1_8' title="bbox 126 809 1175 907; baseline 0.01 -40"><span class='ocrx_word' id='word_1_55' title='bbox 126 809 250 905; x_wconf 52' lang='lat' dir='ltr'>fffsscssggssf</span> <span class='ocrx_word' id='word_1_56' title='bbox 263 813 338 907; x_wconf 49' lang='lat' dir='ltr'>3:¹¹³,ss</span> <span class='ocrx_word' id='word_1_57' title='bbox 376 816 578 892; x_wconf 87' lang='lat' dir='ltr'>eloquentiam</span> <span class='ocrx_word' id='word_1_58' title='bbox 602 815 779 890; x_wconf 83' lang='lat' dir='ltr'>desiderent,</span> <span class='ocrx_word' id='word_1_59' title='bbox 800 815 944 892; x_wconf 91' lang='lat' dir='ltr'>multique</span> <span class='ocrx_word' id='word_1_60' title='bbox 967 815 998 875; x_wconf 90' lang='lat' dir='ltr'>in</span> <span class='ocrx_word' id='word_1_61' title='bbox 1020 827 1120 875; x_wconf 89' lang='lat' dir='ltr'>nostra</span> <span class='ocrx_word' id='word_1_62' title='bbox 1143 836 1175 878; x_wconf 91' lang='lat' dir='ltr'>re</span> 
     </span>
    </p>
   </div>
   <div class='ocr_carea' id='block_1_5' title="bbox 126 909 1176 1014">
    <p class='ocr_par' dir='ltr' id='par_1_5' title="bbox 126 909 1176 1014">
     <span class='ocr_line' id='line_1_9' title="bbox 126 909 1176 1014; baseline 0.007 -50"><span class='ocrx_word' id='word_1_63' title='bbox 126 914 340 1014; x_wconf 52' lang='lat' dir='ltr'>ffissi‘ffihi’ffss’fflss}</span> <span class='ocrx_word' id='word_1_64' title='bbox 376 909 496 987; x_wconf 91' lang='lat' dir='ltr'>publica</span> <span class='ocrx_word' id='word_1_65' title='bbox 517 912 722 972; x_wconf 82' lang='lat' dir='ltr'>adulescentes</span> <span class='ocrx_word' id='word_1_66' title='bbox 746 919 776 969; x_wconf 92' lang='lat' dir='ltr'>et</span> <span class='ocrx_word' id='word_1_67' title='bbox 799 910 882 985; x_wconf 92' lang='lat' dir='ltr'>apud</span> <span class='ocrx_word' id='word_1_68' title='bbox 903 909 1016 969; x_wconf 91' lang='lat' dir='ltr'>iudices</span> <span class='ocrx_word' id='word_1_69' title='bbox 1040 920 1070 970; x_wconf 93' lang='lat' dir='ltr'>et</span> <span class='ocrx_word' id='word_1_70' title='bbox 1093 911 1176 987; x_wconf 89' lang='lat' dir='ltr'>apud</span> 
     </span>
    </p>
   </div>
   <div class='ocr_carea' id='block_1_6' title="bbox 119 1008 1261 3504">
    <p class='ocr_par' dir='ltr' id='par_1_6' title="bbox 119 1008 1261 3504">
     <span class='ocr_line' id='line_1_10' title="bbox 125 1008 1176 1107; baseline -0.001 -38"><span class='ocrx_word' id='word_1_71' title='bbox 125 1027 144 1056; x_wconf 78' lang='lat'>¹⁸</span> <span class='ocrx_word' id='word_1_72' title='bbox 160 1027 339 1107; x_wconf 56' lang='lat' dir='ltr'>qroffiblgam</span> <span class='ocrx_word' id='word_1_73' title='bbox 376 1010 521 1085; x_wconf 91' lang='lat' dir='ltr'>populum</span> <span class='ocrx_word' id='word_1_74' title='bbox 542 1019 572 1069; x_wconf 93' lang='lat' dir='ltr'>et</span> <span class='ocrx_word' id='word_1_75' title='bbox 591 1009 672 1086; x_wconf 88' lang='lat' dir='ltr'>apud</span> <span class='ocrx_word' id='word_1_76' title='bbox 693 1017 828 1068; x_wconf 91' lang='lat' dir='ltr'>senatum</span> <span class='ocrx_word' id='word_1_77' title='bbox 849 1008 978 1068; x_wconf 92' lang='lat' dir='ltr'>dicendo</span> <span class='ocrx_word' id='word_1_78' title='bbox 994 1008 1114 1068; x_wconf 89' lang='lat' dir='ltr'>laudem</span> <span class='ocrx_word' id='word_1_79' title='bbox 1131 1027 1176 1068; x_wconf 87' lang='lat' dir='ltr'>as-</span> 
     </span>
     <span class='ocr_line' id='line_1_11' title="bbox 124 1103 1173 1180; baseline -0.002 -13"><span class='ocrx_word' id='word_1_80' title='bbox 124 1115 215 1167; x_wconf 69' lang='lat' dir='ltr'>enougn</span> <span class='ocrx_word' id='word_1_81' title='bbox 378 1105 471 1165; x_wconf 90' lang='lat' dir='ltr'>secuti</span> <span class='ocrx_word' id='word_1_82' title='bbox 498 1104 565 1180; x_wconf 92' lang='lat' dir='ltr'>sint,</span> <span class='ocrx_word' id='word_1_83' title='bbox 590 1104 718 1164; x_wconf 90' lang='lat' dir='ltr'>maxima</span> <span class='ocrx_word' id='word_1_84' title='bbox 744 1114 789 1164; x_wconf 92' lang='lat' dir='ltr'>est</span> <span class='ocrx_word' id='word_1_85' title='bbox 812 1103 967 1164; x_wconf 90' lang='lat' dir='ltr'>admiratio</span> <span class='ocrx_word' id='word_1_86' title='bbox 992 1104 1023 1164; x_wconf 92' lang='lat' dir='ltr'>in</span> <span class='ocrx_word' id='word_1_87' title='bbox 1047 1104 1173 1178; x_wconf 89' lang='lat' dir='ltr'>iudiciis,</span> 
     </span>
     <span class='ocr_line' id='line_1_12' title="bbox 124 1199 1220 1280; baseline 0.006 -22"><span class='ocrx_word' id='word_1_88' title='bbox 124 1218 250 1276; x_wconf 91' lang='lat' dir='ltr'>quorum</span> <span class='ocrx_word' id='word_1_89' title='bbox 263 1199 337 1261; x_wconf 89' lang='lat' dir='ltr'>ratio</span> <span class='ocrx_word' id='word_1_90' title='bbox 351 1202 462 1280; x_wconf 87' lang='lat' dir='ltr'>duplex</span> <span class='ocrx_word' id='word_1_91' title='bbox 475 1213 528 1263; x_wconf 86' lang='lat' dir='ltr'>est</span> <span class='ocrx_word' id='word_1_92' title='bbox 560 1203 641 1263; x_wconf 91' lang='lat' dir='ltr'>Nam</span> <span class='ocrx_word' id='word_1_93' title='bbox 654 1221 691 1262; x_wconf 85' lang='lat' dir='ltr'>ex</span> <span class='ocrx_word' id='word_1_94' title='bbox 704 1200 892 1261; x_wconf 87' lang='lat' dir='ltr'>accusatione</span> <span class='ocrx_word' id='word_1_95' title='bbox 906 1211 935 1261; x_wconf 92' lang='lat' dir='ltr'>et</span> <span class='ocrx_word' id='word_1_96' title='bbox 951 1220 988 1260; x_wconf 86' lang='lat' dir='ltr'>ex</span> <span class='ocrx_word' id='word_1_97' title='bbox 1002 1200 1173 1262; x_wconf 87' lang='lat' dir='ltr'>defensione</span> <span class='ocrx_word' id='word_1_98' title='bbox 1190 1229 1220 1265; x_wconf 79' lang='grc' dir='ltr'>ιο</span> 
     </span>
     <span class='ocr_line' id='line_1_13' title="bbox 124 1296 1173 1374; baseline 0.001 -19"><span class='ocrx_word' id='word_1_99' title='bbox 124 1306 249 1371; x_wconf 90' lang='lat' dir='ltr'>constat,</span> <span class='ocrx_word' id='word_1_100' title='bbox 277 1317 402 1374; x_wconf 89' lang='lat' dir='ltr'>quarum</span> <span class='ocrx_word' id='word_1_101' title='bbox 427 1297 482 1359; x_wconf 87' lang='lat' dir='ltr'>etsi</span> <span class='ocrx_word' id='word_1_102' title='bbox 508 1297 685 1359; x_wconf 87' lang='lat' dir='ltr'>laudabilior</span> <span class='ocrx_word' id='word_1_103' title='bbox 712 1308 757 1358; x_wconf 90' lang='lat' dir='ltr'>est</span> <span class='ocrx_word' id='word_1_104' title='bbox 785 1297 928 1371; x_wconf 86' lang='lat' dir='ltr'>defensio,</span> <span class='ocrx_word' id='word_1_105' title='bbox 957 1308 1056 1357; x_wconf 89' lang='lat' dir='ltr'>tamen</span> <span class='ocrx_word' id='word_1_106' title='bbox 1084 1296 1173 1358; x_wconf 89' lang='lat' dir='ltr'>etiam</span> 
     </span>
     <span class='ocr_line' id='line_1_14' title="bbox 124 1391 1174 1472; baseline 0.001 -19"><span class='ocrx_word' id='word_1_107' title='bbox 124 1391 273 1453; x_wconf 86' lang='lat' dir='ltr'>accusatio</span> <span class='ocrx_word' id='word_1_108' title='bbox 293 1394 419 1470; x_wconf 90' lang='lat' dir='ltr'>probata</span> <span class='ocrx_word' id='word_1_109' title='bbox 438 1413 580 1472; x_wconf 89' lang='lat' dir='ltr'>persaepe</span> <span class='ocrx_word' id='word_1_110' title='bbox 600 1405 653 1454; x_wconf 89' lang='lat' dir='ltr'>est.</span> <span class='ocrx_word' id='word_1_111' title='bbox 696 1393 767 1453; x_wconf 88' lang='lat' dir='ltr'>Dixi</span> <span class='ocrx_word' id='word_1_112' title='bbox 786 1396 876 1471; x_wconf 87' lang='lat' dir='ltr'>paulo</span> <span class='ocrx_word' id='word_1_113' title='bbox 897 1404 967 1454; x_wconf 91' lang='lat' dir='ltr'>ante</span> <span class='ocrx_word' id='word_1_114' title='bbox 988 1394 1026 1454; x_wconf 93' lang='lat' dir='ltr'>de</span> <span class='ocrx_word' id='word_1_115' title='bbox 1048 1395 1174 1455; x_wconf 88' lang='lat' dir='ltr'>Crasso:</span> 
     </span>
     <span class='ocr_line' id='line_1_15' title="bbox 123 1489 1174 1567; baseline 0.003 -18"><span class='ocrx_word' id='word_1_116' title='bbox 123 1489 206 1550; x_wconf 92' lang='lat' dir='ltr'>idem</span> <span class='ocrx_word' id='word_1_117' title='bbox 230 1489 299 1550; x_wconf 88' lang='lat' dir='ltr'>fecit</span> <span class='ocrx_word' id='word_1_118' title='bbox 323 1491 498 1551; x_wconf 90' lang='lat' dir='ltr'>adulescens</span> <span class='ocrx_word' id='word_1_119' title='bbox 524 1493 566 1550; x_wconf 92' lang='lat' dir='ltr'>M.</span> <span class='ocrx_word' id='word_1_120' title='bbox 591 1489 747 1551; x_wconf 88' lang='lat' dir='ltr'>Antonius.</span> <span class='ocrx_word' id='word_1_121' title='bbox 791 1490 891 1550; x_wconf 89' lang='lat' dir='ltr'>Etiam</span> <span class='ocrx_word' id='word_1_122' title='bbox 915 1493 948 1551; x_wconf 89' lang='lat' dir='ltr'>P.</span> <span class='ocrx_word' id='word_1_123' title='bbox 970 1490 1082 1567; x_wconf 90' lang='lat' dir='ltr'>Sulpici</span> <span class='ocrx_word' id='word_1_124' title='bbox 1114 1493 1174 1552; x_wconf 77' lang='lat' dir='ltr'>elo</span> 
     </span>
     <span class='ocr_line' id='line_1_16' title="bbox 124 1585 1173 1662; baseline 0.002 -17"><span class='ocrx_word' id='word_1_125' title='bbox 124 1586 277 1662; x_wconf 80' lang='lat' dir='ltr'>quantiam</span> <span class='ocrx_word' id='word_1_126' title='bbox 304 1586 454 1647; x_wconf 91' lang='lat' dir='ltr'>accusatio</span> <span class='ocrx_word' id='word_1_127' title='bbox 481 1586 653 1658; x_wconf 87' lang='lat' dir='ltr'>inlustravit,</span> <span class='ocrx_word' id='word_1_128' title='bbox 681 1606 750 1646; x_wconf 88' lang='lat' dir='ltr'>cum</span> <span class='ocrx_word' id='word_1_129' title='bbox 781 1586 956 1647; x_wconf 90' lang='lat' dir='ltr'>seditiosum</span> <span class='ocrx_word' id='word_1_130' title='bbox 983 1598 1013 1647; x_wconf 92' lang='lat' dir='ltr'>et</span> <span class='ocrx_word' id='word_1_131' title='bbox 1039 1585 1173 1647; x_wconf 88' lang='lat' dir='ltr'>inutilem</span> 
     </span>
     <span class='ocr_line' id='line_1_17' title="bbox 123 1681 1214 1763; baseline 0.005 -22"><span class='ocrx_word' id='word_1_132' title='bbox 123 1681 229 1757; x_wconf 87' lang='lat' dir='ltr'>civem,</span> <span class='ocrx_word' id='word_1_133' title='bbox 258 1685 291 1744; x_wconf 87' lang='lat' dir='ltr'>C.</span> <span class='ocrx_word' id='word_1_134' title='bbox 322 1684 507 1759; x_wconf 90' lang='lat' dir='ltr'>Norbanum,</span> <span class='ocrx_word' id='word_1_135' title='bbox 535 1684 567 1744; x_wconf 92' lang='lat' dir='ltr'>in</span> <span class='ocrx_word' id='word_1_136' title='bbox 594 1683 739 1744; x_wconf 89' lang='lat' dir='ltr'>iudicium</span> <span class='ocrx_word' id='word_1_137' title='bbox 766 1683 891 1744; x_wconf 89' lang='lat' dir='ltr'>vocavit.</span> <span class='ocrx_word' id='word_1_138' title='bbox 944 1701 991 1761; x_wconf 85' lang='lat'>50.</span> <span class='ocrx_word' id='word_1_139' title='bbox 1027 1685 1088 1744; x_wconf 90' lang='lat' dir='ltr'>Sed</span> <span class='ocrx_word' id='word_1_140' title='bbox 1114 1685 1214 1763; x_wconf 80' lang='lat' dir='ltr'>hoc15</span> 
     </span>
     <span class='ocr_line' id='line_1_18' title="bbox 152 1778 1172 1858; baseline 0.001 -19"><span class='ocrx_word' id='word_1_141' title='bbox 152 1846 158 1857; x_wconf 51' lang='lat'>‚</span> <span class='ocrx_word' id='word_1_142' title='bbox 202 1845 208 1858; x_wconf 37' lang='lat'>⁸</span> <span class='ocrx_word' id='word_1_143' title='bbox 376 1778 498 1856; x_wconf 91' lang='lat' dir='ltr'>quidem</span> <span class='ocrx_word' id='word_1_144' title='bbox 518 1800 579 1841; x_wconf 92' lang='lat' dir='ltr'>non</span> <span class='ocrx_word' id='word_1_145' title='bbox 596 1791 641 1840; x_wconf 90' lang='lat' dir='ltr'>est</span> <span class='ocrx_word' id='word_1_146' title='bbox 658 1799 748 1857; x_wconf 90' lang='lat' dir='ltr'>saepe</span> <span class='ocrx_word' id='word_1_147' title='bbox 766 1779 935 1842; x_wconf 81' lang='lat' dir='ltr'>faciendum</span> <span class='ocrx_word' id='word_1_148' title='bbox 954 1800 1010 1841; x_wconf 90' lang='lat' dir='ltr'>nec</span> <span class='ocrx_word' id='word_1_149' title='bbox 1030 1799 1172 1858; x_wconf 91' lang='lat' dir='ltr'>umquam</span> 
     </span>
     <span class='ocr_line' id='line_1_19' title="bbox 126 1845 1171 1957; baseline 0.001 -20"><span class='ocrx_word' id='word_1_150' title='bbox 126 1845 336 1957; x_wconf 54' lang='lat' dir='ltr'>qgtqqqqffiq:</span> <span class='ocrx_word' id='word_1_151' title='bbox 376 1876 433 1937; x_wconf 91' lang='lat' dir='ltr'>nisi</span> <span class='ocrx_word' id='word_1_152' title='bbox 452 1888 504 1938; x_wconf 93' lang='lat' dir='ltr'>aut</span> <span class='ocrx_word' id='word_1_153' title='bbox 523 1877 565 1938; x_wconf 90' lang='lat' dir='ltr'>rei</span> <span class='ocrx_word' id='word_1_154' title='bbox 583 1878 721 1956; x_wconf 87' lang='lat' dir='ltr'>publicae</span> <span class='ocrx_word' id='word_1_155' title='bbox 737 1897 833 1952; x_wconf 88' lang='lat' dir='ltr'>causa,</span> <span class='ocrx_word' id='word_1_156' title='bbox 849 1890 881 1938; x_wconf 94' lang='lat' dir='ltr'>ut</span> <span class='ocrx_word' id='word_1_157' title='bbox 895 1878 916 1938; x_wconf 95' lang='lat' dir='ltr'>ii</span> <span class='ocrx_word' id='word_1_158' title='bbox 929 1898 1004 1955; x_wconf 90' lang='lat' dir='ltr'>quos</span> <span class='ocrx_word' id='word_1_159' title='bbox 1017 1891 1087 1940; x_wconf 90' lang='lat' dir='ltr'>ante</span> <span class='ocrx_word' id='word_1_160' title='bbox 1101 1878 1171 1952; x_wconf 87' lang='lat' dir='ltr'>dixi,</span> 
     </span>
     <span class='ocr_line' id='line_1_20' title="bbox 145 1956 1261 2055; baseline 0.001 -19"><span class='ocrx_word' id='word_1_161' title='bbox 145 1956 268 1988; x_wconf 53' lang='lat'>¹⁰⁵⁶⁰⁰¹¹⁰¹²</span> <span class='ocrx_word' id='word_1_162' title='bbox 375 1988 427 2036; x_wconf 87' lang='lat' dir='ltr'>aut</span> <span class='ocrx_word' id='word_1_163' title='bbox 444 1976 615 2049; x_wconf 90' lang='lat' dir='ltr'>ulciscendi,</span> <span class='ocrx_word' id='word_1_164' title='bbox 630 1987 663 2037; x_wconf 93' lang='lat' dir='ltr'>ut</span> <span class='ocrx_word' id='word_1_165' title='bbox 681 1978 742 2038; x_wconf 91' lang='lat' dir='ltr'>duo</span> <span class='ocrx_word' id='word_1_166' title='bbox 756 1976 880 2051; x_wconf 91' lang='lat' dir='ltr'>Luculli,</span> <span class='ocrx_word' id='word_1_167' title='bbox 896 1988 947 2037; x_wconf 92' lang='lat' dir='ltr'>aut</span> <span class='ocrx_word' id='word_1_168' title='bbox 960 1977 1123 2055; x_wconf 88' lang='lat' dir='ltr'>patrocinii,</span> <span class='ocrx_word' id='word_1_169' title='bbox 1138 1988 1171 2038; x_wconf 89' lang='lat' dir='ltr'>ut</span> <span class='ocrx_word' id='word_1_170' title='bbox 1259 1974 1261 1979; x_wconf 67' lang='grc'>’</span> 
     </span>
     <span class='ocr_line' id='line_1_21' title="bbox 124 2073 1170 2153; baseline 0 -18"><span class='ocrx_word' id='word_1_171' title='bbox 124 2095 180 2136; x_wconf 90' lang='lat' dir='ltr'>nos</span> <span class='ocrx_word' id='word_1_172' title='bbox 198 2094 252 2153; x_wconf 93' lang='lat' dir='ltr'>pro</span> <span class='ocrx_word' id='word_1_173' title='bbox 270 2073 383 2148; x_wconf 91' lang='lat' dir='ltr'>Siculis,</span> <span class='ocrx_word' id='word_1_174' title='bbox 398 2093 453 2151; x_wconf 92' lang='lat' dir='ltr'>pro</span> <span class='ocrx_word' id='word_1_175' title='bbox 475 2073 574 2135; x_wconf 85' lang='lat' dir='ltr'>Sardis</span> <span class='ocrx_word' id='word_1_176' title='bbox 594 2073 626 2134; x_wconf 93' lang='lat' dir='ltr'>in</span> <span class='ocrx_word' id='word_1_177' title='bbox 647 2073 775 2134; x_wconf 91' lang='lat' dir='ltr'>Albucio</span> <span class='ocrx_word' id='word_1_178' title='bbox 796 2073 898 2133; x_wconf 89' lang='lat' dir='ltr'>Iulius.</span> <span class='ocrx_word' id='word_1_179' title='bbox 942 2076 979 2133; x_wconf 93' lang='lat' dir='ltr'>In</span> <span class='ocrx_word' id='word_1_180' title='bbox 1001 2076 1170 2135; x_wconf 90' lang='lat' dir='ltr'>accusando</span> 
     </span>
     <span class='ocr_line' id='line_1_22' title="bbox 124 2169 1213 2248; baseline -0.002 -15"><span class='ocrx_word' id='word_1_181' title='bbox 124 2171 215 2233; x_wconf 91' lang='lat' dir='ltr'>etiam</span> <span class='ocrx_word' id='word_1_182' title='bbox 230 2171 281 2231; x_wconf 94' lang='lat' dir='ltr'>M&#39;.</span> <span class='ocrx_word' id='word_1_183' title='bbox 297 2169 419 2248; x_wconf 91' lang='lat' dir='ltr'>Aquilio</span> <span class='ocrx_word' id='word_1_184' title='bbox 434 2173 467 2230; x_wconf 90' lang='lat' dir='ltr'>L.</span> <span class='ocrx_word' id='word_1_185' title='bbox 484 2172 549 2230; x_wconf 88' lang='lat' dir='ltr'>Fufi</span> <span class='ocrx_word' id='word_1_186' title='bbox 579 2170 698 2248; x_wconf 87' lang='lat' dir='ltr'>cognita</span> <span class='ocrx_word' id='word_1_187' title='bbox 716 2169 859 2230; x_wconf 88' lang='lat' dir='ltr'>industria</span> <span class='ocrx_word' id='word_1_188' title='bbox 877 2181 930 2230; x_wconf 92' lang='lat' dir='ltr'>est.</span> <span class='ocrx_word' id='word_1_189' title='bbox 973 2172 1070 2232; x_wconf 91' lang='lat' dir='ltr'>Semel</span> <span class='ocrx_word' id='word_1_190' title='bbox 1082 2169 1170 2247; x_wconf 91' lang='lat' dir='ltr'>igitur</span> <span class='ocrx_word' id='word_1_191' title='bbox 1182 2196 1213 2232; x_wconf 78' lang='lat'>20</span> 
     </span>
     <span class='ocr_line' id='line_1_23' title="bbox 123 2265 1168 2344; baseline -0.003 -15"><span class='ocrx_word' id='word_1_192' title='bbox 123 2280 174 2329; x_wconf 89' lang='lat' dir='ltr'>aut</span> <span class='ocrx_word' id='word_1_193' title='bbox 196 2288 257 2328; x_wconf 92' lang='lat' dir='ltr'>non</span> <span class='ocrx_word' id='word_1_194' title='bbox 279 2287 369 2344; x_wconf 87' lang='lat' dir='ltr'>saepe</span> <span class='ocrx_word' id='word_1_195' title='bbox 391 2277 489 2327; x_wconf 87' lang='lat' dir='ltr'>certe:</span> <span class='ocrx_word' id='word_1_196' title='bbox 514 2266 559 2326; x_wconf 88' lang='lat' dir='ltr'>sin</span> <span class='ocrx_word' id='word_1_197' title='bbox 581 2265 636 2327; x_wconf 92' lang='lat' dir='ltr'>erit</span> <span class='ocrx_word' id='word_1_198' title='bbox 657 2266 706 2326; x_wconf 91' lang='lat' dir='ltr'>cui</span> <span class='ocrx_word' id='word_1_199' title='bbox 727 2266 898 2326; x_wconf 83' lang='lat' dir='ltr'>faciendum</span> <span class='ocrx_word' id='word_1_200' title='bbox 921 2265 959 2326; x_wconf 92' lang='lat' dir='ltr'>sit</span> <span class='ocrx_word' id='word_1_201' title='bbox 979 2265 1105 2342; x_wconf 88' lang='lat' dir='ltr'>saepius,</span> <span class='ocrx_word' id='word_1_202' title='bbox 1126 2267 1168 2326; x_wconf 91' lang='lat' dir='ltr'>rei</span> 
     </span>
     <span class='ocr_line' id='line_1_24' title="bbox 123 2362 1168 2445; baseline -0.003 -19"><span class='ocrx_word' id='word_1_203' title='bbox 123 2366 260 2445; x_wconf 91' lang='lat' dir='ltr'>publicae</span> <span class='ocrx_word' id='word_1_204' title='bbox 284 2365 393 2425; x_wconf 91' lang='lat' dir='ltr'>tribuat</span> <span class='ocrx_word' id='word_1_205' title='bbox 416 2365 475 2424; x_wconf 92' lang='lat' dir='ltr'>hoc</span> <span class='ocrx_word' id='word_1_206' title='bbox 498 2363 636 2436; x_wconf 90' lang='lat' dir='ltr'>muneris,</span> <span class='ocrx_word' id='word_1_207' title='bbox 660 2363 744 2423; x_wconf 90' lang='lat' dir='ltr'>cuius</span> <span class='ocrx_word' id='word_1_208' title='bbox 766 2363 902 2423; x_wconf 90' lang='lat' dir='ltr'>inimicos</span> <span class='ocrx_word' id='word_1_209' title='bbox 925 2363 1028 2423; x_wconf 91' lang='lat' dir='ltr'>ulcisci</span> <span class='ocrx_word' id='word_1_210' title='bbox 1051 2362 1168 2441; x_wconf 90' lang='lat' dir='ltr'>saepius</span> 
     </span>
     <span class='ocr_line' id='line_1_25' title="bbox 123 2459 1168 2537; baseline -0.007 -13"><span class='ocrx_word' id='word_1_211' title='bbox 123 2462 185 2524; x_wconf 89' lang='lat' dir='ltr'>non</span> <span class='ocrx_word' id='word_1_212' title='bbox 211 2472 257 2523; x_wconf 88' lang='lat' dir='ltr'>est</span> <span class='ocrx_word' id='word_1_213' title='bbox 282 2461 574 2537; x_wconf 88' lang='lat' dir='ltr'>reprehendendum:</span> <span class='ocrx_word' id='word_1_214' title='bbox 597 2461 702 2520; x_wconf 91' lang='lat' dir='ltr'>modus</span> <span class='ocrx_word' id='word_1_215' title='bbox 729 2470 830 2521; x_wconf 92' lang='lat' dir='ltr'>tamen</span> <span class='ocrx_word' id='word_1_216' title='bbox 857 2459 941 2521; x_wconf 88' lang='lat' dir='ltr'>adsit</span> <span class='ocrx_word' id='word_1_217' title='bbox 986 2459 1060 2519; x_wconf 91' lang='lat' dir='ltr'>Duri</span> <span class='ocrx_word' id='word_1_218' title='bbox 1086 2459 1168 2521; x_wconf 89' lang='lat' dir='ltr'>enim</span> 
     </span>
     <span class='ocr_line' id='line_1_26' title="bbox 123 2555 1168 2634; baseline -0.005 -13"><span class='ocrx_word' id='word_1_219' title='bbox 123 2558 251 2621; x_wconf 90' lang='lat' dir='ltr'>hominis</span> <span class='ocrx_word' id='word_1_220' title='bbox 272 2559 320 2617; x_wconf 90' lang='lat' dir='ltr'>vel</span> <span class='ocrx_word' id='word_1_221' title='bbox 343 2556 442 2633; x_wconf 92' lang='lat' dir='ltr'>potius</span> <span class='ocrx_word' id='word_1_222' title='bbox 464 2556 512 2617; x_wconf 88' lang='lat' dir='ltr'>vix</span> <span class='ocrx_word' id='word_1_223' title='bbox 531 2556 661 2616; x_wconf 93' lang='lat' dir='ltr'>hominis</span> <span class='ocrx_word' id='word_1_224' title='bbox 680 2556 797 2617; x_wconf 89' lang='lat' dir='ltr'>videtur</span> <span class='ocrx_word' id='word_1_225' title='bbox 816 2557 979 2634; x_wconf 89' lang='lat' dir='ltr'>periculum</span> <span class='ocrx_word' id='word_1_226' title='bbox 1000 2555 1104 2633; x_wconf 91' lang='lat' dir='ltr'>capitis</span> <span class='ocrx_word' id='word_1_227' title='bbox 1124 2556 1168 2616; x_wconf 92' lang='lat' dir='ltr'>in-</span> 
     </span>
     <span class='ocr_line' id='line_1_27' title="bbox 122 2651 1210 2731; baseline -0.002 -14"><span class='ocrx_word' id='word_1_228' title='bbox 122 2659 196 2717; x_wconf 83' lang='lat' dir='ltr'>ferre</span> <span class='ocrx_word' id='word_1_229' title='bbox 219 2652 326 2714; x_wconf 91' lang='lat' dir='ltr'>multis.</span> <span class='ocrx_word' id='word_1_230' title='bbox 371 2654 409 2713; x_wconf 91' lang='lat' dir='ltr'>Id</span> <span class='ocrx_word' id='word_1_231' title='bbox 432 2671 501 2712; x_wconf 90' lang='lat' dir='ltr'>cum</span> <span class='ocrx_word' id='word_1_232' title='bbox 525 2651 724 2731; x_wconf 90' lang='lat' dir='ltr'>periculosum</span> <span class='ocrx_word' id='word_1_233' title='bbox 747 2652 803 2730; x_wconf 92' lang='lat' dir='ltr'>ipsi</span> <span class='ocrx_word' id='word_1_234' title='bbox 830 2664 883 2726; x_wconf 92' lang='lat' dir='ltr'>est,</span> <span class='ocrx_word' id='word_1_235' title='bbox 909 2663 973 2713; x_wconf 91' lang='lat' dir='ltr'>tum</span> <span class='ocrx_word' id='word_1_236' title='bbox 997 2652 1086 2712; x_wconf 91' lang='lat' dir='ltr'>etiam</span> <span class='ocrx_word' id='word_1_237' title='bbox 1109 2670 1168 2711; x_wconf 91' lang='lat' dir='ltr'>sor·</span> <span class='ocrx_word' id='word_1_238' title='bbox 1179 2678 1210 2728; x_wconf 78' lang='lat'>²⁵</span> 
     </span>
     <span class='ocr_line' id='line_1_28' title="bbox 122 2748 1167 2826; baseline -0.002 -14"><span class='ocrx_word' id='word_1_239' title='bbox 122 2753 228 2814; x_wconf 91' lang='lat' dir='ltr'>didum</span> <span class='ocrx_word' id='word_1_240' title='bbox 249 2752 289 2810; x_wconf 91' lang='lat' dir='ltr'>ad</span> <span class='ocrx_word' id='word_1_241' title='bbox 310 2751 419 2809; x_wconf 86' lang='lat' dir='ltr'>famam</span> <span class='ocrx_word' id='word_1_242' title='bbox 445 2748 630 2809; x_wconf 88' lang='lat' dir='ltr'>committere</span> <span class='ocrx_word' id='word_1_243' title='bbox 654 2759 688 2809; x_wconf 94' lang='lat' dir='ltr'>ut</span> <span class='ocrx_word' id='word_1_244' title='bbox 711 2760 865 2809; x_wconf 89' lang='lat' dir='ltr'>accusator</span> <span class='ocrx_word' id='word_1_245' title='bbox 888 2748 1058 2824; x_wconf 72' lang='lat' dir='ltr'>nominare,</span> <span class='ocrx_word' id='word_1_246' title='bbox 1085 2750 1167 2826; x_wconf 94' lang='lat' dir='ltr'>quod</span> 
     </span>
     <span class='ocr_line' id='line_1_29' title="bbox 121 2845 1167 2925; baseline -0.003 -15"><span class='ocrx_word' id='word_1_247' title='bbox 121 2847 246 2925; x_wconf 90' lang='lat' dir='ltr'>contigit</span> <span class='ocrx_word' id='word_1_248' title='bbox 268 2849 311 2906; x_wconf 92' lang='lat' dir='ltr'>M.</span> <span class='ocrx_word' id='word_1_249' title='bbox 335 2849 435 2921; x_wconf 92' lang='lat' dir='ltr'>Bruto,</span> <span class='ocrx_word' id='word_1_250' title='bbox 458 2865 574 2906; x_wconf 90' lang='lat' dir='ltr'>summo</span> <span class='ocrx_word' id='word_1_251' title='bbox 597 2865 705 2925; x_wconf 87' lang='lat' dir='ltr'>genere</span> <span class='ocrx_word' id='word_1_252' title='bbox 728 2858 808 2921; x_wconf 90' lang='lat' dir='ltr'>nato,</span> <span class='ocrx_word' id='word_1_253' title='bbox 830 2846 908 2906; x_wconf 91' lang='lat' dir='ltr'>illius</span> <span class='ocrx_word' id='word_1_254' title='bbox 932 2846 1002 2919; x_wconf 87' lang='lat' dir='ltr'>filio,</span> <span class='ocrx_word' id='word_1_255' title='bbox 1024 2845 1075 2923; x_wconf 93' lang='lat' dir='ltr'>qui</span> <span class='ocrx_word' id='word_1_256' title='bbox 1097 2846 1167 2907; x_wconf 90' lang='lat' dir='ltr'>iuris</span> 
     </span>
     <span class='ocr_line' id='line_1_30' title="bbox 120 2943 1166 3022; baseline -0.004 -16"><span class='ocrx_word' id='word_1_257' title='bbox 120 2945 213 3006; x_wconf 90' lang='lat' dir='ltr'>civilis</span> <span class='ocrx_word' id='word_1_258' title='bbox 235 2943 369 3022; x_wconf 91' lang='lat' dir='ltr'>inprimis</span> <span class='ocrx_word' id='word_1_259' title='bbox 386 2943 495 3021; x_wconf 90' lang='lat' dir='ltr'>peritus</span> <span class='ocrx_word' id='word_1_260' title='bbox 510 2943 571 3004; x_wconf 83' lang='lat' dir='ltr'>suit</span> <span class='ocrx_word' id='word_1_261' title='bbox 615 2961 661 3021; x_wconf 83' lang='lat'>51.</span> <span class='ocrx_word' id='word_1_262' title='bbox 684 2946 785 3020; x_wconf 87' lang='lat' dir='ltr'>Atque</span> <span class='ocrx_word' id='word_1_263' title='bbox 799 2944 887 3003; x_wconf 90' lang='lat' dir='ltr'>etiam</span> <span class='ocrx_word' id='word_1_264' title='bbox 900 2944 959 3003; x_wconf 95' lang='lat' dir='ltr'>hoc</span> <span class='ocrx_word' id='word_1_265' title='bbox 977 2955 1166 3021; x_wconf 89' lang='lat' dir='ltr'>praeceptum</span> 
     </span>
     <span class='ocr_line' id='line_1_31' title="bbox 121 3039 1167 3118; baseline -0.007 -14"><span class='ocrx_word' id='word_1_266' title='bbox 121 3041 210 3104; x_wconf 89' lang='lat' dir='ltr'>officii</span> <span class='ocrx_word' id='word_1_267' title='bbox 230 3039 383 3118; x_wconf 88' lang='lat' dir='ltr'>diligenter</span> <span class='ocrx_word' id='word_1_268' title='bbox 401 3041 562 3101; x_wconf 87' lang='lat' dir='ltr'>tenendum</span> <span class='ocrx_word' id='word_1_269' title='bbox 583 3051 636 3112; x_wconf 92' lang='lat' dir='ltr'>est,</span> <span class='ocrx_word' id='word_1_270' title='bbox 651 3057 690 3098; x_wconf 91' lang='lat' dir='ltr'>ne</span> <span class='ocrx_word' id='word_1_271' title='bbox 710 3059 800 3116; x_wconf 91' lang='lat' dir='ltr'>quem</span> <span class='ocrx_word' id='word_1_272' title='bbox 817 3058 959 3115; x_wconf 85' lang='lat' dir='ltr'>umquam</span> <span class='ocrx_word' id='word_1_273' title='bbox 977 3039 1167 3100; x_wconf 91' lang='lat' dir='ltr'>innocentem</span> 
     </span>
     <span class='ocr_line' id='line_1_32' title="bbox 120 3133 1210 3213; baseline -0.002 -15"><span class='ocrx_word' id='word_1_274' title='bbox 120 3136 232 3198; x_wconf 89' lang='lat' dir='ltr'>iudicio</span> <span class='ocrx_word' id='word_1_275' title='bbox 252 3135 356 3213; x_wconf 89' lang='lat' dir='ltr'>capitis</span> <span class='ocrx_word' id='word_1_276' title='bbox 376 3155 506 3196; x_wconf 88' lang='lat' dir='ltr'>arcessas</span> <span class='ocrx_word' id='word_1_277' title='bbox 515 3158 524 3211; x_wconf 89' lang='lat'>;</span> <span class='ocrx_word' id='word_1_278' title='bbox 547 3136 579 3196; x_wconf 95' lang='lat' dir='ltr'>id</span> <span class='ocrx_word' id='word_1_279' title='bbox 593 3135 671 3196; x_wconf 91' lang='lat' dir='ltr'>enim</span> <span class='ocrx_word' id='word_1_280' title='bbox 687 3135 751 3196; x_wconf 90' lang='lat' dir='ltr'>sine</span> <span class='ocrx_word' id='word_1_281' title='bbox 769 3138 878 3196; x_wconf 89' lang='lat' dir='ltr'>scelere</span> <span class='ocrx_word' id='word_1_282' title='bbox 895 3133 956 3195; x_wconf 87' lang='lat' dir='ltr'>fieri</span> <span class='ocrx_word' id='word_1_283' title='bbox 973 3137 1056 3195; x_wconf 91' lang='lat' dir='ltr'>nullo</span> <span class='ocrx_word' id='word_1_284' title='bbox 1076 3147 1166 3213; x_wconf 91' lang='lat' dir='ltr'>pacto</span> <span class='ocrx_word' id='word_1_285' title='bbox 1179 3159 1210 3208; x_wconf 79' lang='lat'>30</span> 
     </span>
     <span class='ocr_line' id='line_1_33' title="bbox 120 3232 1166 3312; baseline -0.003 -17"><span class='ocrx_word' id='word_1_286' title='bbox 120 3244 231 3312; x_wconf 90' lang='lat' dir='ltr'>potest.</span> <span class='ocrx_word' id='word_1_287' title='bbox 274 3235 354 3293; x_wconf 92' lang='lat' dir='ltr'>Nam</span> <span class='ocrx_word' id='word_1_288' title='bbox 378 3232 451 3310; x_wconf 91' lang='lat' dir='ltr'>quid</span> <span class='ocrx_word' id='word_1_289' title='bbox 478 3245 523 3294; x_wconf 91' lang='lat' dir='ltr'>est</span> <span class='ocrx_word' id='word_1_290' title='bbox 544 3244 605 3293; x_wconf 89' lang='lat' dir='ltr'>tam</span> <span class='ocrx_word' id='word_1_291' title='bbox 626 3233 823 3292; x_wconf 88' lang='lat' dir='ltr'>inhumanum</span> <span class='ocrx_word' id='word_1_292' title='bbox 848 3252 937 3310; x_wconf 87' lang='lat' dir='ltr'>quam</span> <span class='ocrx_word' id='word_1_293' title='bbox 965 3233 1166 3310; x_wconf 91' lang='lat' dir='ltr'>eloquentiam</span> 
     </span>
     <span class='ocr_line' id='line_1_34' title="bbox 120 3329 1166 3391; baseline -0.002 -1"><span class='ocrx_word' id='word_1_294' title='bbox 120 3349 139 3390; x_wconf 91' lang='lat' dir='ltr'>a</span> <span class='ocrx_word' id='word_1_295' title='bbox 160 3342 263 3391; x_wconf 87' lang='lat' dir='ltr'>natura</span> <span class='ocrx_word' id='word_1_296' title='bbox 287 3331 327 3390; x_wconf 90' lang='lat' dir='ltr'>ad</span> <span class='ocrx_word' id='word_1_297' title='bbox 348 3331 474 3390; x_wconf 90' lang='lat' dir='ltr'>salutem</span> <span class='ocrx_word' id='word_1_298' title='bbox 495 3329 651 3390; x_wconf 91' lang='lat' dir='ltr'>hominum</span> <span class='ocrx_word' id='word_1_299' title='bbox 675 3341 705 3389; x_wconf 89' lang='lat' dir='ltr'>et</span> <span class='ocrx_word' id='word_1_300' title='bbox 729 3329 768 3389; x_wconf 91' lang='lat' dir='ltr'>ad</span> <span class='ocrx_word' id='word_1_301' title='bbox 791 3329 1046 3389; x_wconf 90' lang='lat' dir='ltr'>conservationem</span> <span class='ocrx_word' id='word_1_302' title='bbox 1066 3330 1166 3388; x_wconf 88' lang='lat' dir='ltr'>datam</span> 
     </span>
     <span class='ocr_line' id='line_1_35' title="bbox 119 3426 1164 3504; baseline -0.003 -18"><span class='ocrx_word' id='word_1_303' title='bbox 119 3428 159 3487; x_wconf 92' lang='lat' dir='ltr'>ad</span> <span class='ocrx_word' id='word_1_304' title='bbox 182 3428 330 3488; x_wconf 91' lang='lat' dir='ltr'>bonorum</span> <span class='ocrx_word' id='word_1_305' title='bbox 353 3437 468 3503; x_wconf 90' lang='lat' dir='ltr'>pestem</span> <span class='ocrx_word' id='word_1_306' title='bbox 488 3426 710 3504; x_wconf 92' lang='lat' dir='ltr'>perniciemque</span> <span class='ocrx_word' id='word_1_307' title='bbox 732 3428 925 3486; x_wconf 84' lang='lat' dir='ltr'>convertere?</span> <span class='ocrx_word' id='word_1_308' title='bbox 966 3427 1033 3485; x_wconf 89' lang='lat' dir='ltr'>Nec</span> <span class='ocrx_word' id='word_1_309' title='bbox 1055 3435 1164 3499; x_wconf 88' lang='lat' dir='ltr'>tamen,</span> 
     </span>
    </p>
   </div>
   <div class='ocr_carea' id='block_1_7' title="bbox 120 3521 1167 3623">
    <p class='ocr_par' dir='ltr' id='par_1_7' title="bbox 120 3521 1167 3623">
     <span class='ocr_line' id='line_1_36' title="bbox 120 3521 1167 3623; baseline 0.003 -43"><span class='ocrx_word' id='word_1_310' title='bbox 120 3521 331 3623; x_wconf 48' lang='grc' dir='ltr'>(1033ἓῇῦῇΥὲ</span> <span class='ocrx_word' id='word_1_311' title='bbox 368 3536 403 3586; x_wconf 91' lang='lat' dir='ltr'>ut</span> <span class='ocrx_word' id='word_1_312' title='bbox 425 3526 483 3586; x_wconf 92' lang='lat' dir='ltr'>hoc</span> <span class='ocrx_word' id='word_1_313' title='bbox 504 3525 679 3603; x_wconf 84' lang='lat' dir='ltr'>fugiendum</span> <span class='ocrx_word' id='word_1_314' title='bbox 700 3533 753 3597; x_wconf 86' lang='lat' dir='ltr'>est,</span> <span class='ocrx_word' id='word_1_315' title='bbox 775 3521 847 3583; x_wconf 89' lang='lat' dir='ltr'>item</span> <span class='ocrx_word' id='word_1_316' title='bbox 866 3533 912 3584; x_wconf 89' lang='lat' dir='ltr'>est</span> <span class='ocrx_word' id='word_1_317' title='bbox 931 3523 1104 3583; x_wconf 89' lang='lat' dir='ltr'>habendum</span> <span class='ocrx_word' id='word_1_318' title='bbox 1123 3541 1167 3583; x_wconf 90' lang='lat' dir='ltr'>re·</span> 
     </span>
    </p>
   </div>
   <div class='ocr_carea' id='block_1_8' title="bbox 99 3738 1166 3880">
    <p class='ocr_par' dir='ltr' id='par_1_8' title="bbox 99 3738 1166 3880">
     <span class='ocr_line' id='line_1_37' title="bbox 165 3738 1166 3808; baseline 0.002 -20"><span class='ocrx_word' id='word_1_319' title='bbox 165 3738 335 3802; x_wconf 83' lang='lat' dir='ltr'>3modestiae</span> <span class='ocrx_word' id='word_1_320' title='bbox 349 3738 432 3789; x_wconf 82' lang='lat' dir='ltr'>OrBe</span> <span class='ocrx_word' id='word_1_321' title='bbox 442 3754 498 3788; x_wconf 88' lang='lat' dir='ltr'>cum</span> <span class='ocrx_word' id='word_1_322' title='bbox 508 3738 604 3805; x_wconf 83' lang='lat' dir='ltr'>aliquot</span> <span class='ocrx_word' id='word_1_323' title='bbox 612 3739 678 3789; x_wconf 83' lang='lat' dir='ltr'>codd.</span> <span class='ocrx_word' id='word_1_324' title='bbox 714 3743 724 3799; x_wconf 83' lang='grc' dir='ltr'>Ι]</span> <span class='ocrx_word' id='word_1_325' title='bbox 761 3746 817 3803; x_wconf 66' lang='lat' dir='ltr'>yet</span> <span class='ocrx_word' id='word_1_326' title='bbox 827 3739 894 3807; x_wconf 91' lang='lat' dir='ltr'>apud</span> <span class='ocrx_word' id='word_1_327' title='bbox 909 3740 1029 3808; x_wconf 90' lang='lat' dir='ltr'>populum</span> <span class='ocrx_word' id='word_1_328' title='bbox 1045 3740 1166 3792; x_wconf 83' lang='lat' dir='ltr'>omittunt</span> 
     </span>
     <span class='ocr_line' id='line_1_38' title="bbox 99 3819 403 3880; baseline 0.023 -15"><span class='ocrx_word' id='word_1_329' title='bbox 99 3819 283 3880; x_wconf 65' lang='lat' dir='ltr'>caddpraeter</span> <span class='ocrx_word' id='word_1_330' title='bbox 288 3821 369 3873; x_wconf 71' lang='lat' dir='ltr'>ham.</span> <span class='ocrx_word' id='word_1_331' title='bbox 382 3837 403 3872; x_wconf 81' lang='lat' dir='ltr'>c.</span> 
     </span>
    </p>
   </div>
   <div class='ocr_carea' id='block_1_9' title="bbox 0 0 1294 4184">
    <p class='ocr_par' dir='ltr' id='par_1_9' title="bbox 0 0 1294 4184">
     <span class='ocr_line' id='line_1_39' title="bbox 0 0 1294 4184; baseline 0 3"><span class='ocrx_word' id='word_1_332' title='bbox 0 0 1294 4184; x_wconf 95' lang='lat' dir='ltr'> </span> 
     </span>
    </p>
   </div>
  </div>
 </body>
</html>
