2580 4184
68 191 84 215 ἒ
108 225 232 284 Ixxvrr
248 222 300 307 96]
439 229 548 290 Decori
563 231 708 307 ducrrptrh
728 233 833 308 duplex
984 311 987 317 Ι
1125 249 1162 312 35

106 389 212 451 utilem
246 393 387 468 praebeat
419 414 476 455 nec
510 396 636 458 lubidini
669 396 768 475 potius
795 396 986 473 luxuriaeque
1013 418 1104 474 quarn
1132 399 1164 459 li·
1232 466 1236 472 ³

107 487 255 548 beralitati
275 500 305 550 et
332 490 544 554 beneficentiae
570 505 679 573 pareat
730 496 818 555 Haec
844 493 1023 573 praescripta
1049 514 1164 555 servan·

106 594 170 643 tem
197 584 268 645 licet
294 587 459 664 magnifice,
480 589 604 672 graviter
630 590 824 668 animoseque
844 591 942 654 vivere
962 603 1051 669 atque
1071 591 1161 654 etiarn

107 678 288 757 simpliciter,
303 683 437 759 fideliter,
452 705 520 746 vere
535 688 714 750 thominum
727 691 831 750 amice.

10 781 325 884 XVIIFwssfflmss
423 802 470 859 93.
513 781 651 859 Sequitur
670 792 704 843 ut
724 784 763 843 de
783 802 843 842 una
862 781 976 858 reliqua
1001 794 1084 860 parte
1110 783 1162 845 ho
1190 807 1204 856 5

117 902 311 953 temperem.
361 879 482 941 nestatis
496 880 658 940 dicendum
672 879 717 953 sit,
729 879 760 939 in
775 899 834 958 qua
843 880 1021 942 verecundia
1033 892 1064 941 et
1077 881 1161 958 quasi

123 980 314 1015 cmxxvn-xm
360 976 482 1054 quidam
502 988 622 1038 omatus
642 977 728 1051 vitae,
750 977 944 1054 temperantia
963 988 994 1039 et
1013 979 1160 1041 modestia

152 1023 235 1072 §9³4
245 1037 287 1073 15¹·

104 1085 250 1148 Propriety
277 1088 322 1140 (de-
359 1073 516 1150 omnisque
542 1072 657 1134 sedatio
684 1073 937 1150 perturbationum
957 1073 1047 1132 animi
1068 1085 1098 1134 et
1118 1077 1186 1135 re·'

103 1138 321 1249 5253&thss
358 1188 423 1228 rum
444 1171 551 1230 modus
571 1169 706 1229 cernitur.
750 1172 821 1230 Hoc
841 1171 909 1230 loco
930 1171 1097 1231 continetur
1116 1171 1157 1242 id,

104 1237 129 1279 οἰ
140 1238 215 1280 virtue
232 1253 251 1280 rs
264 1253 320 1280 mse·
480 1265 486 1276 ·
508 1263 514 1276 ·
593 1264 600 1276 ·
1118 1266 1124 1278 .

104 1289 191 1338 pamm,
207 1289 261 1330 nom
279 1289 321 1330 ,121⁵
359 1265 442 1342 quod
456 1266 516 1325 drcr
535 1267 640 1324 Latrne
659 1265 802 1325 decorum
819 1275 926 1341 potest,
943 1266 1055 1326 Graece
1078 1286 1157 1326 emm
1173 1290 1203 1326 ιο

103 1338 320 1448 mildridam&
357 1361 465 1438 πρέπον
485 1361 598 1422 dicitur.
643 1361 744 1421 Huius
757 1361 801 1421 vis
814 1381 851 1423 ea
868 1372 923 1436 est,
932 1372 964 1422 ut
978 1364 1015 1423 ab
1030 1365 1157 1425 honesto

103 1447 216 1482 ‘um‘
357 1479 419 1522 non
433 1471 523 1537 queat
536 1458 670 1536 separari.
708 1478 754 1536 94.
778 1461 858 1518 Nam
869 1471 899 1519 et
908 1462 991 1536 quod
1005 1461 1092 1522 decet
1105 1463 1157 1521 ho·

103 1569 222 1620 nestum
233 1570 278 1620 est
289 1569 318 1619 et
329 1559 412 1636 quod
422 1559 581 1617 honestum
590 1566 635 1616 est
644 1557 737 1616 decet.
770 1555 874 1630 Qualis
883 1568 983 1617 autern
992 1557 1156 1620 differentia

102 1654 140 1716 sit
163 1654 283 1716 honesti
306 1665 336 1715 et
355 1653 464 1726 decori,
486 1651 599 1713 facilius
619 1651 748 1730 intellegi
769 1671 860 1728 quam
880 1653 1028 1730 explanari
1047 1666 1153 1732 potest.

102 1752 260 1831 Quidquid
280 1763 325 1813 est
345 1751 426 1813 enim
447 1752 530 1829 quod
551 1752 664 1824 deceat,
685 1750 718 1810 id
738 1761 802 1811 tum
823 1762 952 1828 apparet,
977 1772 1047 1812 cum
1073 1765 1196 1820 ante-15

99 1868 200 1927 gressa
220 1860 265 1909 est
285 1849 434 1908 honestas.
491 1849 597 1923 Itaque
618 1865 679 1907 non
700 1847 797 1907 solum
817 1845 849 1907 in
870 1849 927 1907 hac
946 1858 1028 1925 parte
1048 1849 1154 1909 hones·

99 1946 177 2021 tatis,
206 1946 245 2006 de
272 1963 332 2022 qua
357 1944 505 2003 hocloco
526 1942 730 2003 disserendum
751 1953 804 2015 est,
826 1944 880 2002 sed
900 1942 990 2003 etiam
1009 1943 1040 2002 in
1061 1944 1153 2004 trihus

353 2039 552 2117 superioribus
589 2039 662 2116 quid
692 2039 796 2099 deceat
828 2048 958 2115 apparet.
1015 2040 1093 2098 Nam
1122 2052 1153 2101 et

351 2137 467 2198 ratione
486 2137 530 2198 uti
550 2148 640 2214 atque
667 2135 798 2197 oratione
825 2138 984 2213 prudenter
1010 2147 1040 2197 et
1066 2156 1152 2213 agere

99 2237 184 2312 quod
211 2253 281 2312 agas
307 2233 494 2295 considerate
521 2233 663 2309 omnique
690 2231 722 2291 in
749 2251 780 2292 re
809 2231 883 2308 quid
910 2231 947 2292 sit
970 2232 1031 2292 veri
1050 2232 1150 2294 videre
1164 2258 1196 2292 20

99 2344 130 2393 et
142 2330 219 2392 tueri
239 2331 334 2404 decet,
349 2340 512 2406 contraque
532 2330 593 2389 falli
617 2349 719 2402 errare,
734 2328 794 2391 labi
824 2328 922 2407 decipi
943 2340 1004 2389 tam
1024 2330 1151 2391 dedecet

353 2443 444 2501 quarn
465 2425 587 2486 delirare
608 2436 638 2487 et
658 2436 758 2487 mente
779 2445 844 2486 esse
864 2436 1004 2504 captum3
1023 2437 1053 2486 et
1070 2426 1150 2502 justa

351 2522 452 2582 omnia
466 2524 574 2583 decora
593 2533 670 2598 sunt,
691 2521 799 2583 iniusta
818 2534 922 2584 contra
940 2534 973 2584 ut
993 2523 1087 2602 turpia
1107 2524 1149 2584 sic

349 2616 497 2678 indecora
540 2617 648 2677 Similis
668 2628 714 2678 est
733 2618 807 2678 ratio
828 2619 1013 2680 fortitudinis
1057 2622 1149 2698 Quod

97 2712 177 2772 enim
191 2713 312 2774 viriliter
331 2715 492 2793 animoque
512 2734 621 2791 magno
642 2716 683 2788 fit,
698 2714 730 2774 id
750 2714 873 2793 dignum
886 2715 949 2776 viro
962 2727 992 2777 et
1006 2718 1147 2778 decorum
1160 2737 1190 2787 25

95 2811 222 2886 videtur,
237 2813 320 2889 quod
340 2823 451 2887 contra,
460 2812 500 2872 ¹id
517 2822 550 2872 ut
564 2823 649 2890 turpe
662 2811 705 2873 sic
718 2802 902 2874 indecorum.
958 2832 1005 2892 95.
1048 2817 1147 2892 Quare

95 2908 224 2986 pertinet
243 2910 367 2987 quidem
387 2911 427 2971 ad
447 2929 568 2972 omnem
589 2912 775 2972 honestatem
794 2912 862 2987 hoc,
883 2914 965 2989 quod
992 2912 1069 2986 dico,
1098 2914 1148 2975 de-

95 3012 208 3080 cor'um,
236 3020 267 3069 et
299 3009 341 3069 ita
374 3009 509 3087 pertinet,
537 3019 571 3068 ut
603 3027 665 3068 non
698 3008 852 3069 recondita
878 3010 1006 3086 quadam
1033 3010 1147 3071 ratione

94 3120 240 3192 cernatur,
261 3108 316 3166 sed
336 3106 374 3167 sit
394 3105 425 3167 in
445 3117 593 3185 promptu
636 3108 690 3166 Est
710 3105 791 3165 enim
817 3105 967 3183 quiddam,
986 3106 1076 3184 idque
1103 3105 1146 3165 in-

94 3199 242 3278 tellegitur
271 3199 303 3261 in
335 3201 419 3263 omni
444 3203 560 3275 virtute,
594 3204 677 3279 quod
710 3204 824 3275 deceat,
855 3204 937 3279 quod
966 3202 1144 3280 cogitatione
1157 3220 1188 3268 30

93 3298 188 3376 magis
215 3317 234 3357 a
259 3298 366 3361 virtute
392 3311 492 3377 potest
518 3320 609 3379 quam
636 3319 668 3361 re
695 3299 829 3378 separari.
872 3302 916 3361 Ut
949 3311 1085 3360 venustas
1113 3310 1143 3358 et

92 3394 283 3472 pulchritudo
303 3396 434 3475 corporis
452 3398 565 3459 secerni
583 3417 645 3458 non
665 3409 763 3476 potest
783 3417 802 3457 a
820 3396 996 3470 valetudine,
1011 3395 1054 3455 sic
1074 3396 1141 3470 hoc,

93 3491 133 3552 de
159 3510 222 3569 quo
241 3492 400 3571 loquimur,
422 3496 564 3556 decorum
584 3505 681 3555 totum
702 3495 776 3554 illud
797 3493 918 3570 quidem
941 3503 987 3552 est
1006 3511 1076 3551 cum
1088 3490 1141 3552 vir·

91 3597 154 3648 tute
168 3591 334 3665 confusum,
349 3592 404 3652 sed
416 3603 516 3652 mente
530 3602 560 3652 et
573 3590 752 3668 cogitatione
766 3589 958 3667 distinguitur.

70 3683 307 3788 ,Fssfflffisfffi
406 3692 453 3767 96.
495 3691 549 3750 Est
567 3699 666 3749 autem
680 3687 744 3749 eius
758 3686 908 3764 discriptio
922 3686 1048 3763 duplex:
1069 3705 1139 3746 nam
1153 3705 1182 3756 3⁵

140 3845 255 3899 opereat
266 3838 429 3887 Oralri'cm
436 3841 532 3903 pauet&
542 3841 609 3892 codd.
680 3847 692 3906 ll
760 3866 776 3909 4
794 3861 854 3898 vete
870 3845 951 3910 codd,
962 3845 1034 3897 uitae
1050 3845 1090 3897 Or
1107 3845 1161 3902 Bel

71 3915 161 3972 generi
176 3914 223 3960 lu
233 3915 302 3970 alti>
321 3919 396 3965 vtrba
409 3921 542 3973 hominurn
561 3927 647 3980 amice
661 3939 715 3997 per
731 3904 921 4001 otharipthwt
939 3933 1008 4002 expl.
1030 3925 1178 3983 Subocrini

1007 4079 1098 4144 3-'2

98 2075 226 2160 wisaam,

97 2469 113 2522 J
118 2469 218 2521 urtice,

98 2602 252 2652 Fortitude,
