2580 4184
145 165 184 223 86
533 165 587 224 vDe
604 182 637 225 ea
656 165 828 242 beneficentia
1030 161 1077 246 [II
1092 181 1138 226 xx
1151 167 1190 244 69

80 360 131 412 xx
170 373 197 416 n
214 374 326 425 masteng
342 387 357 417 a
458 335 506 408 69-
549 334 610 394 Sed
632 353 702 393 cum
724 332 755 392 in
778 331 950 393 hominibus
977 331 1113 393 iuvandis
1139 343 1192 394 aut

143 425 356 525 {ffinjffgfiffig
392 447 490 490 mores
504 427 631 506 spectari
647 440 699 489 aut
717 431 836 489 fortuna
850 431 952 503 soleat,
968 429 1050 490 dictu
1069 429 1191 507 quidem

143 525 356 625 ffipgrgffigfffi
393 538 438 589 est
451 527 581 604 proclive
594 527 695 604 itaque
714 529 804 604 volgo
818 529 990 604 loquuntur,
1005 548 1037 589 se
1057 528 1089 588 in
1104 530 1192 590 bene-

143 625 222 725 tal-3⁵3⁵&
222 638 253 714 vam
254 625 356 717 3³21}ng
386 623 466 714 'ficiis
480 623 664 685 collocandis
678 643 776 684 mores
784 623 950 697 hominum,
965 643 1027 684 non
1041 626 1190 686 fortunam

142 725 356 815 affixam?
394 719 494 797 sequi,
531 723 672 781 Honesta
694 721 789 780 oratio
807 731 860 781 est
903 722 963 781 Sed
982 720 1047 797 quis
1066 733 1110 782 est
1129 733 1190 782 tan-
1219 743 1233 792 s

143 802 199 916 333⁸
208 789 278 916 ouueaahi
290 789 312 867 t⁵0
326 789 356 868 di
393 818 472 892 dem,
489 817 541 894 qui
559 817 657 895 inopis
676 828 706 878 et
724 817 830 895 optimi
843 815 897 877 viri
911 837 1017 878 causae
1031 836 1094 878 non
1108 830 1190 880 ante·

200 888 227 917 ⁰¹¹
247 889 292 927 ω’
392 925 485 992 ponat
505 914 537 974 in
558 933 648 992 opera
668 915 769 975 danda
788 913 911 992 gratiam
932 913 1072 974 fortunati
1090 925 1120 974 et
1140 933 1191 992 po

142 1008 249 1070 tentis?
287 1013 317 1071 A
336 1031 399 1088 quo
424 1011 503 1072 enim
526 1010 692 1089 expeditior
711 1023 741 1071 et
762 1009 885 1071 celerior
905 1010 1103 1072 remuneratio
1126 1013 1189 1072 sore

142 1104 267 1179 videtur,
282 1105 313 1166 in
327 1126 396 1167 eum
417 1108 478 1167 fere
491 1118 536 1167 est
550 1109 686 1167 voluntas
707 1118 808 1166 nostra
827 1105 1008 1183 propensior.
1051 1107 1112 1167 Sed
1129 1106 1191 1166 ani·

143 1203 390 1263 madvertendum
410 1214 455 1264 est
471 1203 650 1281 diligentius,
672 1223 749 1280 quae
768 1214 874 1264 natura
891 1223 989 1263 rerum
1008 1202 1053 1264 sit.
1097 1203 1190 1264 Nimi-
1205 1224 1234 1260 10

143 1316 208 1358 rum
229 1299 310 1359 enim
331 1300 418 1378 inops
439 1301 498 1376 ille,
518 1301 543 1361 si
559 1303 656 1362 bonus
676 1312 720 1361 est
738 1301 789 1375 vir,
803 1302 893 1362 etiam
908 1299 932 1359 si
942 1302 1046 1362 referre
1066 1301 1189 1378 gratiam

143 1413 205 1455 non
218 1408 325 1473 potest,
339 1399 448 1459 habere
462 1409 541 1459 certe
554 1408 660 1476 potest
705 1398 873 1460 Commode
888 1408 996 1471 autem,
1008 1396 1189 1474 quicumque

144 1492 227 1568 dixit,
243 1495 413 1572 ‘pecuniam
428 1495 479 1572 qui
493 1496 610 1569 habeat,
620 1515 680 1556 non
698 1495 871 1568 reddidisse,
882 1495 933 1571 qui
947 1494 1116 1568 reddiderit,
1127 1515 1189 1556 non

143 1589 260 1664 habere,
287 1591 409 1670 gratiam
428 1602 528 1652 autem
548 1601 578 1651 et
599 1591 650 1668 qui
670 1590 814 1651 rettulerit
834 1591 944 1650 habere
964 1601 993 1650 et
1012 1589 1063 1666 qui
1081 1590 1189 1651 habeat

142 1685 307 1746 rettulisse’
346 1689 387 1747 At
408 1687 459 1764 qui
479 1707 512 1748 se
532 1689 694 1764 locupletes
716 1687 876 1747 honoratos
901 1687 1005 1746 beatos
1032 1697 1146 1763 putant,
1168 1685 1189 1746 ii
1205 1707 1231 1754 ¹⁵

143 1800 182 1842 ne
196 1783 318 1861 obligari
332 1785 455 1861 quidem
469 1783 615 1845 beneficio
628 1786 747 1844 volunt:
774 1783 847 1861 quin
862 1782 951 1843 etiam
966 1783 1144 1842 beneficium
1157 1802 1190 1844 se

144 1879 262 1941 dedisse
280 1882 466 1957 arbitrantur,
487 1902 557 1942 cum
573 1881 629 1960 ipsi
651 1881 786 1959 quamvis
803 1901 944 1959 magnum
965 1880 1088 1958 aliquod
1109 1901 1191 1942 acce·

143 1975 248 2052 perint,
269 1990 359 2056 atque
383 1979 473 2040 etiam
496 1999 516 2039 a
537 2000 569 2041 se
590 1991 641 2042 aut
663 1979 804 2058 postulari
829 1991 880 2040 aut
896 1978 1059 2056 exspectari
1077 1978 1191 2056 aliquid

143 2075 336 2152 suspicantur,
352 2077 516 2155 patrocinio
530 2097 601 2139 vero
622 2097 655 2138 se
668 2097 738 2138 usos
752 2088 804 2138 aut
817 2077 940 2138 clientes
959 2076 1099 2154 appellari
1113 2095 1190 2136 mor-

143 2170 180 2231 tis
208 2172 299 2234 instar
324 2186 439 2253 putant.
484 2189 530 2251 70.
566 2179 609 2235 At
630 2195 701 2235 vero
728 2175 779 2235 ille
807 2173 914 2247 tenuis,
940 2192 1017 2249 cum,
1043 2173 1190 2251 quidquid
1203 2200 1234 2235 eo

143 2268 254 2329 sactum
275 2270 321 2343 sit,
337 2291 369 2332 se
390 2283 564 2350 spectatum,
580 2291 642 2332 non
663 2273 813 2331 fortunam
833 2279 926 2349 putet,
942 2290 1003 2331 non
1024 2272 1117 2332 modo
1137 2268 1188 2343 illi,

143 2363 195 2440 qui
215 2376 260 2426 est
278 2366 408 2441 meritus,
423 2369 478 2428 sed
498 2367 587 2428 etiam
604 2367 669 2441 illis,
684 2388 702 2427 a
720 2368 828 2444 quibus
846 2379 1090 2446 expectat-eget
1109 2367 1189 2428 enim

143 2461 292 2536 multis-,
303 2473 418 2540 gratum
432 2483 464 2526 se
474 2463 567 2524 videri
581 2465 681 2524 studet
713 2484 811 2542 neque
820 2484 890 2526 vero
901 2464 996 2526 verbis
1007 2476 1094 2543 auget
1103 2484 1189 2525 suum

143 2575 260 2631 munus,
275 2559 300 2619 si
314 2579 375 2636 quo
389 2561 463 2620 forte
481 2559 621 2637 fungitur,
637 2560 689 2621 sed
706 2561 795 2620 etiam
816 2571 963 2621 extenuat.
1006 2561 1190 2621 Videndum·

143 2674 202 2730 que
216 2655 290 2716 illud
304 2668 358 2731 est,
372 2657 464 2734 quod,
480 2657 505 2716 si
520 2658 696 2734 opulentum
710 2658 952 2734 fortunatumque
968 2657 1143 2732 defenderis,
1157 2657 1186 2717 in
1202 2675 1231 2724 25

143 2770 205 2812 uno
224 2751 275 2813 illo
296 2764 356 2824 aut,
375 2753 399 2813 si
419 2755 503 2827 forte,
519 2753 549 2812 in
571 2752 670 2814 liberis
691 2752 754 2813 eius
773 2765 875 2813 manet
894 2753 1001 2830 gratia:
1027 2754 1189 2815 sinautem

144 2847 273 2925 inopem,
289 2850 414 2927 probum
435 2861 536 2911 tamen
557 2851 782 2922 etmodestum,
798 2870 903 2911 omnes
920 2871 981 2911 non
1000 2850 1127 2928 improbi
1138 2851 1190 2910 hu-

144 2944 239 3019 miles,
260 2966 336 3023 quae
360 2966 468 3025 magna
488 2946 519 3006 in
540 2947 653 3024 populo
673 2947 834 3007 multitudo
856 2957 910 3020 est,
931 2947 1110 3023 praesidium
1133 2947 1190 3008 sibi

144 3054 278 3118 paratum
292 3043 402 3104 vident.
447 3061 493 3119 71.
530 3044 761 3119 Quamobrem
775 3043 881 3103 melius
895 3044 976 3120 apud
989 3046 1085 3104 bonos
1099 3064 1189 3121 quam

144 3140 226 3216 apud
247 3141 412 3201 fortunatos
435 3139 614 3200 beneficium
636 3140 775 3201 collocari
802 3152 884 3218 puto.
929 3142 1039 3202 Danda
1065 3141 1189 3202 omnino
1201 3170 1234 3220 30

170 3283 181 3324 1
228 3283 280 3325 seor
300 3296 355 3325 com·
393 3254 483 3313 opera
497 3248 542 3298 est
555 3248 588 3297 ut
607 3237 690 3298 omni
703 3238 803 3314 generi
823 3237 1007 3299 satisfacere
1028 3239 1174 3316 possimus
1179 3261 1189 3314 ς

144 3297 233 3386 peritii
257 3298 354 3375 beiweess
392 3333 455 3406 sed,
483 3332 509 3393 si
535 3353 582 3394 res
609 3333 641 3394 in
668 3334 893 3396 contentionem
920 3334 1028 3410 veniet,
1051 3335 1190 3396 nimimm

144 3385 358 3486 iiiiiiinbieritsdif
392 3428 609 3492 Themistocles
632 3441 679 3492 est
702 3442 805 3492 auctor
828 3430 1023 3506 adhibendus,
1048 3431 1190 3509 quicum

145 3485 355 3534 ourkindness,‘rxrt·

144 3535 360 3628 pposurfficbtqu'lssffvveige
394 3527 604 3600 consuleretur,
619 3538 717 3587 utrum
731 3528 813 3588 bono
826 3527 889 3588 viro
903 3527 1025 3606 pauperi
1038 3548 1076 3588 an
1090 3528 1189 3588 minus

394 3622 520 3699 probato
541 3620 626 3682 diviti
647 3621 738 3682 filiam
760 3623 936 3684 collocaret:
959 3623 1038 3700 ‘Ego
1051 3623 1133 3682 vero’
1147 3622 1189 3681 in·
1202 3646 1232 3698 35

189 3786 219 3833 η
235 3778 287 3832 aut,
304 3772 328 3822 εἰ
337 3772 408 3832 forte,
426 3773 453 3823 r'n
470 3772 564 3826 liberls.
601 3774 726 3826 ‘Sanetus
736 3776 800 3828 locro
813 3783 849 3826 ast
866 3792 897 3826 ex
913 3776 991 3826 Bern.
1010 3775 1067 3824 cab
1084 3763 1190 3826 Orellio:

119 3850 198 3911 ΜΨ
209 3851 237 3899 ⁸¹¹
249 3853 389 3917 Wfflt'ltlfr
406 3858 544 3925 quasitot
560 3858 627 3914 forte
638 3868 690 3930 pro
705 3867 752 3915 aut
767 3862 874 3915 iortasse
888 3859 1037 3911 Tullianum
1048 3853 1095 3907 rit?
1116 3857 1144 3904 St
