<?xml version="1.0" encoding="UTF-8"?>
<!DOCTYPE html PUBLIC "-//W3C//DTD XHTML 1.0 Transitional//EN"
    "http://www.w3.org/TR/xhtml1/DTD/xhtml1-transitional.dtd">
<html xmlns="http://www.w3.org/1999/xhtml" xml:lang="en" lang="en">
 <head>
  <title>
</title>
<meta http-equiv="Content-Type" content="text/html;charset=utf-8" />
  <meta name='ocr-system' content='tesseract 3.04.00' />
  <meta name='ocr-capabilities' content='ocr_page ocr_carea ocr_par ocr_line ocrx_word'/>
</head>
<body>
  <div class='ocr_page' id='page_1' title='image "./mtvlliciceronis00holdgoog_0072.png"; bbox 0 0 2580 4184; ppageno 0'>
   <div class='ocr_carea' id='block_1_1' title="bbox 136 167 1181 258">
    <p class='ocr_par' dir='ltr' id='par_1_1' title="bbox 136 167 1181 258">
     <span class='ocr_line' id='line_1_1' title="bbox 136 167 1181 258; baseline 0.018 -39"><span class='ocrx_word' id='word_1_1' title='bbox 136 179 174 237; x_wconf 78' lang='lat'><strong>3²</strong></span> <span class='ocrx_word' id='word_1_2' title='bbox 408 167 494 228; x_wconf 86' lang='lat' dir='ltr'><strong>Verae</strong></span> <span class='ocrx_word' id='word_1_3' title='bbox 500 167 688 242; x_wconf 62' lang='lat' dir='ltr'><strong>semiaminis</strong></span> <span class='ocrx_word' id='word_1_4' title='bbox 707 173 782 233; x_wconf 83' lang='lat' dir='ltr'><strong>ratio</strong></span> <span class='ocrx_word' id='word_1_5' title='bbox 801 181 916 235; x_wconf 75' lang='lat' dir='ltr'><strong>exrema</strong></span> <span class='ocrx_word' id='word_1_6' title='bbox 1021 175 1050 258; x_wconf 93' lang='lat' dir='ltr'><strong>[I</strong></span> <span class='ocrx_word' id='word_1_7' title='bbox 1065 196 1130 239; x_wconf 86' lang='lat' dir='ltr'><strong>xxv</strong></span> <span class='ocrx_word' id='word_1_8' title='bbox 1144 181 1181 258; x_wconf 78' lang='lat'><strong>83</strong></span> 
     </span>
    </p>
   </div>
   <div class='ocr_carea' id='block_1_2' title="bbox 134 272 1160 408">
    <p class='ocr_par' dir='ltr' id='par_1_2' title="bbox 134 272 1160 408">
     <span class='ocr_line' id='line_1_2' title="bbox 136 272 1160 302; baseline 0.006 -20"><span class='ocrx_word' id='word_1_9' title='bbox 136 272 1160 302; x_wconf 43' lang='grc' dir='ltr'><strong>Ἢ,-</strong></span> 
     </span>
     <span class='ocr_line' id='line_1_3' title="bbox 134 328 380 408; baseline 0.02 -20"><span class='ocrx_word' id='word_1_10' title='bbox 134 328 174 390; x_wconf 89' lang='lat' dir='ltr'><strong>de</strong></span> <span class='ocrx_word' id='word_1_11' title='bbox 187 347 248 408; x_wconf 92' lang='lat' dir='ltr'><strong>quo</strong></span> <span class='ocrx_word' id='word_1_12' title='bbox 264 332 380 393; x_wconf 87' lang='lat' dir='ltr'><strong>Ennius</strong></span> 
     </span>
    </p>
   </div>
   <div class='ocr_carea' id='block_1_3' title="bbox 358 449 951 605">
    <p class='ocr_par' dir='ltr' id='par_1_3' title="bbox 358 449 951 605">
     <span class='ocr_line' id='line_1_4' title="bbox 362 449 951 513; baseline 0.022 -15"><span class='ocrx_word' id='word_1_13' title='bbox 362 449 435 498; x_wconf 83' lang='lat' dir='ltr'><strong>Unus</strong></span> <span class='ocrx_word' id='word_1_14' title='bbox 449 450 519 501; x_wconf 78' lang='lat' dir='ltr'><strong>homo</strong></span> <span class='ocrx_word' id='word_1_15' title='bbox 535 453 602 503; x_wconf 81' lang='lat' dir='ltr'><strong>nobr&#39;s</strong></span> <span class='ocrx_word' id='word_1_16' title='bbox 616 456 752 511; x_wconf 67' lang='lat' dir='ltr'><strong>meando</strong></span> <span class='ocrx_word' id='word_1_17' title='bbox 768 458 875 507; x_wconf 79' lang='lat' dir='ltr'><strong>restituit</strong></span> <span class='ocrx_word' id='word_1_18' title='bbox 891 475 951 513; x_wconf 84' lang='lat' dir='ltr'><strong>rem.</strong></span> 
     </span>
     <span class='ocr_line' id='line_1_5' title="bbox 358 537 911 605; baseline 0.02 -27"><span class='ocrx_word' id='word_1_19' title='bbox 358 545 465 580; x_wconf 84' lang='lat' dir='ltr'><strong>noenum</strong></span> <span class='ocrx_word' id='word_1_20' title='bbox 480 548 590 584; x_wconf 84' lang='lat' dir='ltr'><strong>rumores</strong></span> <span class='ocrx_word' id='word_1_21' title='bbox 599 537 705 599; x_wconf 73' lang='lat' dir='ltr'><strong>ponebar</strong></span> <span class='ocrx_word' id='word_1_22' title='bbox 719 544 779 587; x_wconf 78' lang='lat' dir='ltr'><strong>aute</strong></span> <span class='ocrx_word' id='word_1_23' title='bbox 792 540 911 605; x_wconf 76' lang='lat' dir='ltr'><strong>salutem,</strong></span> 
     </span>
    </p>
   </div>
   <div class='ocr_carea' id='block_1_4' title="bbox 35 618 1226 1187">
    <p class='ocr_par' dir='ltr' id='par_1_4' title="bbox 35 618 1226 1187">
     <span class='ocr_line' id='line_1_6' title="bbox 356 618 1003 686; baseline 0.019 -26"><span class='ocrx_word' id='word_1_24' title='bbox 356 626 412 676; x_wconf 86' lang='lat' dir='ltr'><strong>ergo</strong></span> <span class='ocrx_word' id='word_1_25' title='bbox 421 618 524 679; x_wconf 71' lang='lat' dir='ltr'><strong>postque</strong></span> <span class='ocrx_word' id='word_1_26' title='bbox 538 618 663 683; x_wconf 81' lang='lat' dir='ltr'><em>magisque</em></span> <span class='ocrx_word' id='word_1_27' title='bbox 677 619 729 681; x_wconf 59' lang='lat' dir='ltr'><strong>viri</strong></span> <span class='ocrx_word' id='word_1_28' title='bbox 743 635 812 676; x_wconf 74' lang='lat' dir='ltr'><strong>nunc</strong></span> <span class='ocrx_word' id='word_1_29' title='bbox 822 623 904 686; x_wconf 79' lang='lat' dir='ltr'><strong>glon&#39;a</strong></span> <span class='ocrx_word' id='word_1_30' title='bbox 919 622 1003 673; x_wconf 86' lang='lat' dir='ltr'><strong>claret.</strong></span> 
     </span>
     <span class='ocr_line' id='line_1_7' title="bbox 133 704 1226 805; baseline 0.023 -43"><span class='ocrx_word' id='word_1_31' title='bbox 133 704 224 782; x_wconf 85' lang='lat' dir='ltr'><strong>Quod</strong></span> <span class='ocrx_word' id='word_1_32' title='bbox 243 726 338 783; x_wconf 88' lang='lat' dir='ltr'><strong>genus</strong></span> <span class='ocrx_word' id='word_1_33' title='bbox 359 712 504 787; x_wconf 88' lang='lat' dir='ltr'><strong>peccandi</strong></span> <span class='ocrx_word' id='word_1_34' title='bbox 525 713 679 777; x_wconf 88' lang='lat' dir='ltr'><strong>vitandum</strong></span> <span class='ocrx_word' id='word_1_35' title='bbox 702 729 748 779; x_wconf 93' lang='lat' dir='ltr'><strong>est</strong></span> <span class='ocrx_word' id='word_1_36' title='bbox 770 719 861 780; x_wconf 89' lang='lat' dir='ltr'><strong>etiam</strong></span> <span class='ocrx_word' id='word_1_37' title='bbox 884 720 916 781; x_wconf 90' lang='lat' dir='ltr'><strong>in</strong></span> <span class='ocrx_word' id='word_1_38' title='bbox 939 724 1027 783; x_wconf 90' lang='lat' dir='ltr'><strong>rebus</strong></span> <span class='ocrx_word' id='word_1_39' title='bbox 1054 723 1180 786; x_wconf 91' lang='lat' dir='ltr'><strong>urbanis.</strong></span> <span class='ocrx_word' id='word_1_40' title='bbox 1212 758 1226 805; x_wconf 80' lang='lat'><strong>5</strong></span> 
     </span>
     <span class='ocr_line' id='line_1_8' title="bbox 131 799 1178 895; baseline 0.016 -36"><span class='ocrx_word' id='word_1_41' title='bbox 131 801 205 859; x_wconf 86' lang='lat' dir='ltr'>Sunt</span> <span class='ocrx_word' id='word_1_42' title='bbox 219 799 299 859; x_wconf 90' lang='lat' dir='ltr'><strong>enim</strong></span> <span class='ocrx_word' id='word_1_43' title='bbox 314 800 364 876; x_wconf 87' lang='lat' dir='ltr'><strong>qui</strong></span> <span class='ocrx_word' id='word_1_44' title='bbox 377 803 459 879; x_wconf 88' lang='lat' dir='ltr'><strong>quod</strong></span> <span class='ocrx_word' id='word_1_45' title='bbox 478 803 617 880; x_wconf 90' lang='lat' dir='ltr'><strong>sentiunt,</strong></span> <span class='ocrx_word' id='word_1_46' title='bbox 633 807 688 866; x_wconf 90' lang='lat' dir='ltr'><strong>etsi</strong></span> <span class='ocrx_word' id='word_1_47' title='bbox 706 809 854 887; x_wconf 90' lang='lat' dir='ltr'><strong>optimum</strong></span> <span class='ocrx_word' id='word_1_48' title='bbox 868 811 913 886; x_wconf 89' lang='lat' dir='ltr'><strong>sit,</strong></span> <span class='ocrx_word' id='word_1_49' title='bbox 931 825 1032 895; x_wconf 88' lang='lat' dir='ltr'><strong>tamen</strong></span> <span class='ocrx_word' id='word_1_50' title='bbox 1050 814 1178 876; x_wconf 86' lang='lat' dir='ltr'><strong>invidiae</strong></span> 
     </span>
     <span class='ocr_line' id='line_1_9' title="bbox 130 899 1150 961; baseline 0.015 -6"><span class='ocrx_word' id='word_1_51' title='bbox 130 906 212 956; x_wconf 90' lang='lat' dir='ltr'><strong>metu</strong></span> <span class='ocrx_word' id='word_1_52' title='bbox 226 915 289 956; x_wconf 90' lang='lat' dir='ltr'><strong>non</strong></span> <span class='ocrx_word' id='word_1_53' title='bbox 302 899 433 958; x_wconf 89' lang='lat' dir='ltr'><strong>audeant</strong></span> <span class='ocrx_word' id='word_1_54' title='bbox 447 899 554 961; x_wconf 86' lang='lat' dir='ltr'>dicere.</span> <span class='ocrx_word' id='word_1_55' title='bbox 1148 911 1150 916; x_wconf 82' lang='grc'><strong>’</strong></span> 
     </span>
     <span class='ocr_line' id='line_1_10' title="bbox 35 1008 1177 1103; baseline 0.01 -43"><span class='ocrx_word' id='word_1_56' title='bbox 35 1028 116 1079; x_wconf 68' lang='lat' dir='ltr'><strong>xxv</strong></span> <span class='ocrx_word' id='word_1_57' title='bbox 128 1059 176 1102; x_wconf 69' lang='lat' dir='ltr'><strong>me</strong></span> <span class='ocrx_word' id='word_1_58' title='bbox 196 1059 265 1103; x_wconf 45' lang='lat' dir='ltr'><strong>dmi„</strong></span> <span class='ocrx_word' id='word_1_59' title='bbox 286 1060 312 1102; x_wconf 61' lang='lat' dir='ltr'><strong>of</strong></span> <span class='ocrx_word' id='word_1_60' title='bbox 329 1074 343 1103; x_wconf 43' lang='lat' dir='ltr'>a</span> <span class='ocrx_word' id='word_1_61' title='bbox 441 1013 488 1086; x_wconf 89' lang='lat'><strong>85.</strong></span> <span class='ocrx_word' id='word_1_62' title='bbox 545 1008 678 1071; x_wconf 89' lang='lat' dir='ltr'>Omnino</span> <span class='ocrx_word' id='word_1_63' title='bbox 705 1009 758 1088; x_wconf 91' lang='lat' dir='ltr'><strong>qui</strong></span> <span class='ocrx_word' id='word_1_64' title='bbox 784 1008 826 1072; x_wconf 89' lang='lat' dir='ltr'><strong>rei</strong></span> <span class='ocrx_word' id='word_1_65' title='bbox 853 1008 990 1088; x_wconf 88' lang='lat' dir='ltr'><strong>publicae</strong></span> <span class='ocrx_word' id='word_1_66' title='bbox 1016 1009 1177 1089; x_wconf 87' lang='lat' dir='ltr'><strong>praefuturi</strong></span> 
     </span>
     <span class='ocr_line' id='line_1_11' title="bbox 129 1107 1190 1187; baseline 0.008 -27"><span class='ocrx_word' id='word_1_67' title='bbox 129 1111 290 1156; x_wconf 72' lang='lat' dir='ltr'><strong>Statesman·</strong></span> <span class='ocrx_word' id='word_1_68' title='bbox 305 1112 341 1152; x_wconf 80' lang='lat' dir='ltr'><strong>be·</strong></span> <span class='ocrx_word' id='word_1_69' title='bbox 379 1116 449 1168; x_wconf 88' lang='lat' dir='ltr'><strong>sunt</strong></span> <span class='ocrx_word' id='word_1_70' title='bbox 462 1107 524 1167; x_wconf 92' lang='lat' dir='ltr'><strong>duo</strong></span> <span class='ocrx_word' id='word_1_71' title='bbox 538 1107 670 1167; x_wconf 83' lang='lat' dir='ltr'><strong>Platonis</strong></span> <span class='ocrx_word' id='word_1_72' title='bbox 686 1119 844 1185; x_wconf 77' lang='lat' dir='ltr'><strong>praecepta</strong></span> <span class='ocrx_word' id='word_1_73' title='bbox 859 1118 1003 1169; x_wconf 82' lang='lat' dir='ltr'><strong>teneant:</strong></span> <span class='ocrx_word' id='word_1_74' title='bbox 1023 1128 1119 1168; x_wconf 89' lang='lat' dir='ltr'><strong>unum</strong></span> <span class='ocrx_word' id='word_1_75' title='bbox 1143 1120 1190 1187; x_wconf 32' lang='lat' dir='ltr'><strong>ut·</strong></span> 
     </span>
    </p>
   </div>
   <div class='ocr_carea' id='block_1_5' title="bbox 72 1161 339 1251">
    <p class='ocr_par' dir='ltr' id='par_1_5' title="bbox 72 1161 339 1251">
     <span class='ocr_line' id='line_1_12' title="bbox 72 1161 339 1251; baseline 0 -49"><span class='ocrx_word' id='word_1_76' title='bbox 72 1168 75 1173; x_wconf 87' lang='lat'>&#39;</span> <span class='ocrx_word' id='word_1_77' title='bbox 127 1161 339 1251; x_wconf 70' lang='lat' dir='ltr'><strong>sidesthatofspeak-</strong></span> 
     </span>
    </p>
   </div>
   <div class='ocr_carea' id='block_1_6' title="bbox 126 1201 1221 1312">
    <p class='ocr_par' dir='ltr' id='par_1_6' title="bbox 126 1201 1221 1312">
     <span class='ocr_line' id='line_1_13' title="bbox 126 1201 1221 1312; baseline 0.005 -50"><span class='ocrx_word' id='word_1_78' title='bbox 126 1211 340 1312; x_wconf 43' lang='lat' dir='ltr'><strong>ivpirthhfflnaffopgeilvr.</strong></span> <span class='ocrx_word' id='word_1_79' title='bbox 377 1201 534 1276; x_wconf 84' lang='lat' dir='ltr'><strong>utilitatem</strong></span> <span class='ocrx_word' id='word_1_80' title='bbox 554 1201 664 1263; x_wconf 91' lang='lat' dir='ltr'><strong>civium</strong></span> <span class='ocrx_word' id='word_1_81' title='bbox 684 1202 727 1263; x_wconf 89' lang='lat' dir='ltr'><strong>sic</strong></span> <span class='ocrx_word' id='word_1_82' title='bbox 748 1215 892 1276; x_wconf 87' lang='lat' dir='ltr'><strong>tueantur,</strong></span> <span class='ocrx_word' id='word_1_83' title='bbox 905 1214 946 1276; x_wconf 90' lang='lat' dir='ltr'><strong>ut,</strong></span> <span class='ocrx_word' id='word_1_84' title='bbox 968 1223 1175 1280; x_wconf 91' lang='lat' dir='ltr'><strong>quaecumque</strong></span> <span class='ocrx_word' id='word_1_85' title='bbox 1192 1233 1221 1268; x_wconf 84' lang='lat' dir='ltr'><strong>ro</strong></span> 
     </span>
    </p>
   </div>
   <div class='ocr_carea' id='block_1_7' title="bbox 126 1299 1176 1404">
    <p class='ocr_par' dir='ltr' id='par_1_7' title="bbox 126 1299 1176 1404">
     <span class='ocr_line' id='line_1_14' title="bbox 126 1299 1176 1404; baseline 0 -44"><span class='ocrx_word' id='word_1_86' title='bbox 126 1310 340 1404; x_wconf 37' lang='lat' dir='ltr'><strong>willirih,</strong></span> <span class='ocrx_word' id='word_1_87' title='bbox 377 1311 476 1378; x_wconf 84' lang='lat' dir='ltr'><strong>agunt,</strong></span> <span class='ocrx_word' id='word_1_88' title='bbox 491 1299 611 1376; x_wconf 87' lang='lat' dir='ltr'><strong>adeam</strong></span> <span class='ocrx_word' id='word_1_89' title='bbox 625 1302 751 1361; x_wconf 87' lang='lat' dir='ltr'><strong>reserant</strong></span> <span class='ocrx_word' id='word_1_90' title='bbox 765 1299 848 1361; x_wconf 94' lang='lat' dir='ltr'><strong>obliti</strong></span> <span class='ocrx_word' id='word_1_91' title='bbox 867 1302 1095 1360; x_wconf 89' lang='lat' dir='ltr'><strong>commodorum</strong></span> <span class='ocrx_word' id='word_1_92' title='bbox 1109 1320 1176 1360; x_wconf 91' lang='lat' dir='ltr'><strong>suo-</strong></span> 
     </span>
    </p>
   </div>
   <div class='ocr_carea' id='block_1_8' title="bbox 40 1387 1177 1672">
    <p class='ocr_par' dir='ltr' id='par_1_8' title="bbox 40 1387 1177 1672">
     <span class='ocr_line' id='line_1_15' title="bbox 40 1387 1177 1503; baseline -0.004 -39"><span class='ocrx_word' id='word_1_93' title='bbox 40 1429 44 1435; x_wconf 56' lang='lat'><em>*</em></span> <span class='ocrx_word' id='word_1_94' title='bbox 126 1411 339 1503; x_wconf 51' lang='lat' dir='ltr'><strong>ffiofthlerovefn·</strong></span> <span class='ocrx_word' id='word_1_95' title='bbox 377 1420 443 1460; x_wconf 92' lang='lat' dir='ltr'><strong>rum</strong></span> <span class='ocrx_word' id='word_1_96' title='bbox 454 1421 464 1476; x_wconf 90' lang='lat'>;</span> <span class='ocrx_word' id='word_1_97' title='bbox 496 1401 621 1461; x_wconf 85' lang='lat' dir='ltr'><strong>alterum</strong></span> <span class='ocrx_word' id='word_1_98' title='bbox 657 1411 691 1460; x_wconf 90' lang='lat' dir='ltr'><strong>ut</strong></span> <span class='ocrx_word' id='word_1_99' title='bbox 718 1410 814 1460; x_wconf 90' lang='lat' dir='ltr'><strong>totum</strong></span> <span class='ocrx_word' id='word_1_100' title='bbox 841 1387 948 1478; x_wconf 88' lang='lat' dir='ltr'><strong>corpus</strong></span> <span class='ocrx_word' id='word_1_101' title='bbox 974 1398 1017 1461; x_wconf 87' lang='lat' dir='ltr'><strong>rei</strong></span> <span class='ocrx_word' id='word_1_102' title='bbox 1040 1399 1177 1479; x_wconf 89' lang='lat' dir='ltr'><strong>publicae</strong></span> 
     </span>
     <span class='ocr_line' id='line_1_16' title="bbox 137 1475 1177 1576; baseline 0.002 -22"><span class='ocrx_word' id='word_1_103' title='bbox 137 1475 340 1572; x_wconf 36' lang='lat' dir='ltr'><strong>&#39;esstffairiiinp&#39;aa</strong></span> <span class='ocrx_word' id='word_1_104' title='bbox 376 1496 489 1572; x_wconf 89' lang='lat' dir='ltr'><strong>curent,</strong></span> <span class='ocrx_word' id='word_1_105' title='bbox 514 1517 561 1571; x_wconf 91' lang='lat' dir='ltr'><strong>ne,</strong></span> <span class='ocrx_word' id='word_1_106' title='bbox 586 1498 660 1558; x_wconf 91' lang='lat' dir='ltr'><strong>dum</strong></span> <span class='ocrx_word' id='word_1_107' title='bbox 680 1509 794 1574; x_wconf 88' lang='lat' dir='ltr'><strong>partem</strong></span> <span class='ocrx_word' id='word_1_108' title='bbox 814 1498 944 1576; x_wconf 85' lang='lat' dir='ltr'><strong>aliquam</strong></span> <span class='ocrx_word' id='word_1_109' title='bbox 965 1508 1092 1572; x_wconf 88' lang='lat' dir='ltr'><strong>tuentur,</strong></span> <span class='ocrx_word' id='word_1_110' title='bbox 1113 1497 1177 1558; x_wconf 89' lang='lat' dir='ltr'><strong>reli·</strong></span> 
     </span>
     <span class='ocr_line' id='line_1_17' title="bbox 126 1562 1176 1672; baseline 0.002 -20"><span class='ocrx_word' id='word_1_111' title='bbox 126 1562 165 1604; x_wconf 68' lang='lat'><strong>¹¹⁸¹</strong></span> <span class='ocrx_word' id='word_1_112' title='bbox 173 1575 290 1614; x_wconf 48' lang='lat' dir='ltr'><strong>mm*</strong></span> <span class='ocrx_word' id='word_1_113' title='bbox 378 1614 451 1672; x_wconf 91' lang='lat' dir='ltr'><strong>quas</strong></span> <span class='ocrx_word' id='word_1_114' title='bbox 472 1595 616 1657; x_wconf 85' lang='lat' dir='ltr'><strong>deserant.</strong></span> <span class='ocrx_word' id='word_1_115' title='bbox 660 1594 704 1654; x_wconf 91' lang='lat' dir='ltr'><strong>Ut</strong></span> <span class='ocrx_word' id='word_1_116' title='bbox 723 1593 804 1654; x_wconf 92' lang='lat' dir='ltr'><strong>enim</strong></span> <span class='ocrx_word' id='word_1_117' title='bbox 822 1595 923 1667; x_wconf 88' lang='lat' dir='ltr'><strong>tutela,</strong></span> <span class='ocrx_word' id='word_1_118' title='bbox 944 1592 987 1654; x_wconf 93' lang='lat' dir='ltr'><strong>sic</strong></span> <span class='ocrx_word' id='word_1_119' title='bbox 1008 1593 1176 1671; x_wconf 84' lang='lat' dir='ltr'><strong>procuratio</strong></span> 
     </span>
    </p>
   </div>
   <div class='ocr_carea' id='block_1_9' title="bbox 125 1688 1216 1860">
    <p class='ocr_par' dir='ltr' id='par_1_9' title="bbox 125 1688 1216 1860">
     <span class='ocr_line' id='line_1_18' title="bbox 126 1688 1216 1767; baseline -0.002 -17"><span class='ocrx_word' id='word_1_120' title='bbox 126 1688 324 1767; x_wconf 89' lang='lat' dir='ltr'><strong>reipublicae</strong></span> <span class='ocrx_word' id='word_1_121' title='bbox 344 1692 384 1751; x_wconf 91' lang='lat' dir='ltr'><strong>ad</strong></span> <span class='ocrx_word' id='word_1_122' title='bbox 405 1691 562 1751; x_wconf 89' lang='lat' dir='ltr'><strong>utilitatem</strong></span> <span class='ocrx_word' id='word_1_123' title='bbox 581 1709 685 1751; x_wconf 89' lang='lat' dir='ltr'><strong>eorum</strong></span> <span class='ocrx_word' id='word_1_124' title='bbox 705 1689 757 1767; x_wconf 94' lang='lat' dir='ltr'><strong>qui</strong></span> <span class='ocrx_word' id='word_1_125' title='bbox 777 1689 929 1750; x_wconf 90' lang='lat' dir='ltr'><strong>commissi</strong></span> <span class='ocrx_word' id='word_1_126' title='bbox 950 1702 1027 1764; x_wconf 91' lang='lat' dir='ltr'><strong>sunt,</strong></span> <span class='ocrx_word' id='word_1_127' title='bbox 1050 1709 1112 1751; x_wconf 91' lang='lat' dir='ltr'><strong>non</strong></span> <span class='ocrx_word' id='word_1_128' title='bbox 1136 1693 1179 1751; x_wconf 88' lang='lat' dir='ltr'><strong>ad</strong></span> <span class='ocrx_word' id='word_1_129' title='bbox 1192 1712 1216 1760; x_wconf 80' lang='lat'><strong>¹5</strong></span> 
     </span>
     <span class='ocr_line' id='line_1_19' title="bbox 125 1780 1176 1860; baseline 0 -18"><span class='ocrx_word' id='word_1_130' title='bbox 125 1800 238 1855; x_wconf 88' lang='lat' dir='ltr'><strong>eorum,</strong></span> <span class='ocrx_word' id='word_1_131' title='bbox 254 1781 361 1857; x_wconf 91' lang='lat' dir='ltr'><strong>quibus</strong></span> <span class='ocrx_word' id='word_1_132' title='bbox 382 1781 542 1842; x_wconf 91' lang='lat' dir='ltr'><strong>commissa</strong></span> <span class='ocrx_word' id='word_1_133' title='bbox 565 1792 619 1854; x_wconf 89' lang='lat' dir='ltr'><strong>est,</strong></span> <span class='ocrx_word' id='word_1_134' title='bbox 640 1783 770 1859; x_wconf 84' lang='lat' dir='ltr'><strong>gerenda</strong></span> <span class='ocrx_word' id='word_1_135' title='bbox 793 1793 845 1843; x_wconf 92' lang='lat' dir='ltr'><strong>est.</strong></span> <span class='ocrx_word' id='word_1_136' title='bbox 889 1780 950 1856; x_wconf 90' lang='lat' dir='ltr'><strong>Qui</strong></span> <span class='ocrx_word' id='word_1_137' title='bbox 973 1794 1074 1842; x_wconf 90' lang='lat' dir='ltr'><strong>autem</strong></span> <span class='ocrx_word' id='word_1_138' title='bbox 1100 1782 1176 1860; x_wconf 89' lang='lat' dir='ltr'><strong>parti</strong></span> 
     </span>
    </p>
   </div>
   <div class='ocr_carea' id='block_1_10' title="bbox 123 1876 1218 3507">
    <p class='ocr_par' dir='ltr' id='par_1_10' title="bbox 123 1876 1218 3507">
     <span class='ocr_line' id='line_1_20' title="bbox 125 1876 1175 1956; baseline 0.002 -20"><span class='ocrx_word' id='word_1_139' title='bbox 125 1876 235 1954; x_wconf 76' lang='lat' dir='ltr'><strong>civium·</strong></span> <span class='ocrx_word' id='word_1_140' title='bbox 255 1880 423 1953; x_wconf 90' lang='lat' dir='ltr'><strong>consulunt,</strong></span> <span class='ocrx_word' id='word_1_141' title='bbox 444 1889 558 1956; x_wconf 86' lang='lat' dir='ltr'><strong>partem</strong></span> <span class='ocrx_word' id='word_1_142' title='bbox 579 1879 747 1956; x_wconf 86' lang='lat' dir='ltr'><strong>neglegunt,</strong></span> <span class='ocrx_word' id='word_1_143' title='bbox 762 1898 824 1938; x_wconf 90' lang='lat' dir='ltr'><strong>rem</strong></span> <span class='ocrx_word' id='word_1_144' title='bbox 843 1878 1123 1955; x_wconf 84' lang='lat' dir='ltr'><strong>perniciosissimam</strong></span> <span class='ocrx_word' id='word_1_145' title='bbox 1143 1877 1175 1938; x_wconf 88' lang='lat' dir='ltr'><strong>ih</strong></span> 
     </span>
     <span class='ocr_line' id='line_1_21' title="bbox 125 1972 1175 2058; baseline 0.002 -26"><span class='ocrx_word' id='word_1_146' title='bbox 125 1972 275 2035; x_wconf 88' lang='lat' dir='ltr'><strong>civitatem</strong></span> <span class='ocrx_word' id='word_1_147' title='bbox 300 1973 456 2047; x_wconf 89' lang='lat' dir='ltr'><strong>inducunt,</strong></span> <span class='ocrx_word' id='word_1_148' title='bbox 484 1973 662 2035; x_wconf 90' lang='lat' dir='ltr'><strong>seditionem</strong></span> <span class='ocrx_word' id='word_1_149' title='bbox 688 1985 778 2050; x_wconf 89' lang='lat' dir='ltr'><strong>atque</strong></span> <span class='ocrx_word' id='word_1_150' title='bbox 806 1973 1005 2058; x_wconf 80' lang='lat' dir='ltr'><strong>discordiam:</strong></span> <span class='ocrx_word' id='word_1_151' title='bbox 1039 1993 1077 2033; x_wconf 85' lang='lat' dir='ltr'><strong>ex</strong></span> <span class='ocrx_word' id='word_1_152' title='bbox 1113 1993 1175 2051; x_wconf 92' lang='lat' dir='ltr'><strong>quo</strong></span> 
     </span>
     <span class='ocr_line' id='line_1_22' title="bbox 126 2069 1172 2155; baseline -0.003 -24"><span class='ocrx_word' id='word_1_153' title='bbox 126 2070 225 2135; x_wconf 89' lang='lat' dir='ltr'><strong>evenit</strong></span> <span class='ocrx_word' id='word_1_154' title='bbox 237 2081 272 2151; x_wconf 82' lang='lat' dir='ltr'><strong>ut</strong></span> <span class='ocrx_word' id='word_1_155' title='bbox 284 2071 334 2132; x_wconf 92' lang='lat' dir='ltr'><strong>alii</strong></span> <span class='ocrx_word' id='word_1_156' title='bbox 346 2074 513 2149; x_wconf 87' lang='lat' dir='ltr'><strong>populares,</strong></span> <span class='ocrx_word' id='word_1_157' title='bbox 528 2071 579 2142; x_wconf 83' lang='lat' dir='ltr'><strong>alii</strong></span> <span class='ocrx_word' id='word_1_158' title='bbox 592 2070 717 2155; x_wconf 69' lang='lat' dir='ltr'><strong>studiosi</strong></span> <span class='ocrx_word' id='word_1_159' title='bbox 732 2070 837 2148; x_wconf 90' lang='lat' dir='ltr'><strong>optimi</strong></span> <span class='ocrx_word' id='word_1_160' title='bbox 851 2070 994 2146; x_wconf 90' lang='lat' dir='ltr'><strong>cuiusque</strong></span> <span class='ocrx_word' id='word_1_161' title='bbox 1008 2069 1172 2142; x_wconf 91' lang='lat' dir='ltr'><strong>videantur,</strong></span> 
     </span>
     <span class='ocr_line' id='line_1_23' title="bbox 125 2167 1218 2247; baseline -0.003 -19"><span class='ocrx_word' id='word_1_162' title='bbox 125 2168 213 2246; x_wconf 88' lang='lat' dir='ltr'><strong>pauci</strong></span> <span class='ocrx_word' id='word_1_163' title='bbox 239 2169 449 2231; x_wconf 85' lang='lat' dir='ltr'><strong>universorum.</strong></span> <span class='ocrx_word' id='word_1_164' title='bbox 504 2171 551 2230; x_wconf 84' lang='lat'><strong>86.</strong></span> <span class='ocrx_word' id='word_1_165' title='bbox 602 2169 685 2228; x_wconf 90' lang='lat' dir='ltr'><strong>Hinc</strong></span> <span class='ocrx_word' id='word_1_166' title='bbox 711 2170 793 2246; x_wconf 91' lang='lat' dir='ltr'><strong>apud</strong></span> <span class='ocrx_word' id='word_1_167' title='bbox 825 2167 1016 2229; x_wconf 90' lang='lat' dir='ltr'><strong>Atheniensis</strong></span> <span class='ocrx_word' id='word_1_168' title='bbox 1049 2187 1174 2247; x_wconf 85' lang='lat' dir='ltr'><strong>magnae</strong></span> <span class='ocrx_word' id='word_1_169' title='bbox 1188 2192 1218 2226; x_wconf 71' lang='grc' dir='ltr'><strong>ιο</strong></span> 
     </span>
     <span class='ocr_line' id='line_1_24' title="bbox 126 2263 1175 2343; baseline 0 -20"><span class='ocrx_word' id='word_1_170' title='bbox 126 2263 300 2332; x_wconf 87' lang='lat' dir='ltr'><strong>discordiae,</strong></span> <span class='ocrx_word' id='word_1_171' title='bbox 344 2264 376 2325; x_wconf 91' lang='lat' dir='ltr'><strong>in</strong></span> <span class='ocrx_word' id='word_1_172' title='bbox 398 2276 498 2325; x_wconf 88' lang='lat' dir='ltr'><strong>nostra</strong></span> <span class='ocrx_word' id='word_1_173' title='bbox 520 2265 693 2343; x_wconf 90' lang='lat' dir='ltr'><strong>republica</strong></span> <span class='ocrx_word' id='word_1_174' title='bbox 716 2283 778 2324; x_wconf 92' lang='lat' dir='ltr'><strong>non</strong></span> <span class='ocrx_word' id='word_1_175' title='bbox 801 2266 898 2324; x_wconf 91' lang='lat' dir='ltr'><strong>solum</strong></span> <span class='ocrx_word' id='word_1_176' title='bbox 926 2263 1095 2337; x_wconf 86' lang='lat' dir='ltr'><strong>seditiones,</strong></span> <span class='ocrx_word' id='word_1_177' title='bbox 1120 2264 1175 2325; x_wconf 88' lang='lat' dir='ltr'><strong>sed</strong></span> 
     </span>
     <span class='ocr_line' id='line_1_25' title="bbox 125 2360 1173 2439; baseline 0 -19"><span class='ocrx_word' id='word_1_178' title='bbox 125 2360 216 2421; x_wconf 90' lang='lat' dir='ltr'><strong>etiam</strong></span> <span class='ocrx_word' id='word_1_179' title='bbox 236 2361 373 2437; x_wconf 85' lang='lat' dir='ltr'><strong>pestifera</strong></span> <span class='ocrx_word' id='word_1_180' title='bbox 392 2362 470 2422; x_wconf 91' lang='lat' dir='ltr'><strong>bella</strong></span> <span class='ocrx_word' id='word_1_181' title='bbox 490 2361 606 2421; x_wconf 89' lang='lat' dir='ltr'><strong>civilia:</strong></span> <span class='ocrx_word' id='word_1_182' title='bbox 626 2380 703 2438; x_wconf 90' lang='lat' dir='ltr'><strong>quae</strong></span> <span class='ocrx_word' id='word_1_183' title='bbox 723 2361 817 2439; x_wconf 89' lang='lat' dir='ltr'><strong>gravis</strong></span> <span class='ocrx_word' id='word_1_184' title='bbox 837 2372 867 2422; x_wconf 93' lang='lat' dir='ltr'><strong>et</strong></span> <span class='ocrx_word' id='word_1_185' title='bbox 887 2361 969 2421; x_wconf 80' lang='lat' dir='ltr'><strong>fortis</strong></span> <span class='ocrx_word' id='word_1_186' title='bbox 993 2360 1064 2420; x_wconf 92' lang='lat' dir='ltr'><strong>civis</strong></span> <span class='ocrx_word' id='word_1_187' title='bbox 1088 2373 1119 2422; x_wconf 95' lang='lat' dir='ltr'><strong>et</strong></span> <span class='ocrx_word' id='word_1_188' title='bbox 1143 2361 1173 2421; x_wconf 92' lang='lat' dir='ltr'><strong>in</strong></span> 
     </span>
     <span class='ocr_line' id='line_1_26' title="bbox 125 2458 1173 2538; baseline 0.004 -22"><span class='ocrx_word' id='word_1_189' title='bbox 125 2476 156 2519; x_wconf 93' lang='lat' dir='ltr'><strong>re</strong></span> <span class='ocrx_word' id='word_1_190' title='bbox 175 2460 295 2536; x_wconf 88' lang='lat' dir='ltr'><strong>publica</strong></span> <span class='ocrx_word' id='word_1_191' title='bbox 315 2459 421 2536; x_wconf 87' lang='lat' dir='ltr'><strong>dignus</strong></span> <span class='ocrx_word' id='word_1_192' title='bbox 442 2459 608 2536; x_wconf 87' lang='lat' dir='ltr'><strong>principatu</strong></span> <span class='ocrx_word' id='word_1_193' title='bbox 627 2459 718 2537; x_wconf 83' lang='lat' dir='ltr'><strong>fugiet</strong></span> <span class='ocrx_word' id='word_1_194' title='bbox 735 2471 825 2535; x_wconf 88' lang='lat' dir='ltr'><strong>atque</strong></span> <span class='ocrx_word' id='word_1_195' title='bbox 844 2458 948 2533; x_wconf 88' lang='lat' dir='ltr'><strong>oderit,</strong></span> <span class='ocrx_word' id='word_1_196' title='bbox 968 2460 1122 2538; x_wconf 86' lang='lat' dir='ltr'><strong>tradetque</strong></span> <span class='ocrx_word' id='word_1_197' title='bbox 1141 2479 1173 2520; x_wconf 91' lang='lat' dir='ltr'><strong>se</strong></span> 
     </span>
     <span class='ocr_line' id='line_1_27' title="bbox 124 2555 1164 2634; baseline 0.002 -20"><span class='ocrx_word' id='word_1_198' title='bbox 124 2565 220 2617; x_wconf 90' lang='lat' dir='ltr'><strong>toturn</strong></span> <span class='ocrx_word' id='word_1_199' title='bbox 241 2555 284 2617; x_wconf 87' lang='lat' dir='ltr'><strong>rei</strong></span> <span class='ocrx_word' id='word_1_200' title='bbox 305 2556 441 2634; x_wconf 89' lang='lat' dir='ltr'><strong>publicae</strong></span> <span class='ocrx_word' id='word_1_201' title='bbox 463 2575 561 2632; x_wconf 92' lang='lat' dir='ltr'><strong>neque</strong></span> <span class='ocrx_word' id='word_1_202' title='bbox 583 2575 656 2634; x_wconf 92' lang='lat' dir='ltr'><strong>opes</strong></span> <span class='ocrx_word' id='word_1_203' title='bbox 682 2567 733 2616; x_wconf 92' lang='lat' dir='ltr'><strong>aut</strong></span> <span class='ocrx_word' id='word_1_204' title='bbox 760 2555 924 2634; x_wconf 90' lang='lat' dir='ltr'><strong>potentiam</strong></span> <span class='ocrx_word' id='word_1_205' title='bbox 946 2558 1164 2618; x_wconf 91' lang='lat' dir='ltr'><strong>consectabitur</strong></span> 
     </span>
     <span class='ocr_line' id='line_1_28' title="bbox 148 2653 1214 2806; baseline -0.001 -93"><span class='ocrx_word' id='word_1_206' title='bbox 148 2730 161 2806; x_wconf 47' lang='grc' dir='ltr'><em>ἶ</em></span> <span class='ocrx_word' id='word_1_207' title='bbox 196 2723 218 2758; x_wconf 58' lang='lat' dir='ltr'>m</span> <span class='ocrx_word' id='word_1_208' title='bbox 235 2715 298 2757; x_wconf 53' lang='lat' dir='ltr'>avoid</span> <span class='ocrx_word' id='word_1_209' title='bbox 314 2729 328 2758; x_wconf 73' lang='lat' dir='ltr'><strong>a</strong></span> <span class='ocrx_word' id='word_1_210' title='bbox 373 2665 527 2731; x_wconf 91' lang='lat' dir='ltr'><strong>totamque</strong></span> <span class='ocrx_word' id='word_1_211' title='bbox 540 2674 607 2714; x_wconf 88' lang='lat' dir='ltr'><strong>eam</strong></span> <span class='ocrx_word' id='word_1_212' title='bbox 622 2653 664 2714; x_wconf 91' lang='lat' dir='ltr'><strong>sic</strong></span> <span class='ocrx_word' id='word_1_213' title='bbox 678 2653 813 2724; x_wconf 90' lang='lat' dir='ltr'><strong>tuebitur,</strong></span> <span class='ocrx_word' id='word_1_214' title='bbox 819 2665 852 2715; x_wconf 92' lang='lat' dir='ltr'><strong>ut</strong></span> <span class='ocrx_word' id='word_1_215' title='bbox 871 2655 1010 2717; x_wconf 92' lang='lat' dir='ltr'><strong>omnibus</strong></span> <span class='ocrx_word' id='word_1_216' title='bbox 1028 2658 1170 2716; x_wconf 88' lang='lat' dir='ltr'><strong>consulat.</strong></span> <span class='ocrx_word' id='word_1_217' title='bbox 1186 2680 1198 2712; x_wconf 76' lang='lat'>2</span> <span class='ocrx_word' id='word_1_218' title='bbox 1202 2679 1214 2727; x_wconf 83' lang='lat'>5</span> 
     </span>
     <span class='ocr_line' id='line_1_29' title="bbox 123 2747 1173 2856; baseline 0.005 -50"><span class='ocrx_word' id='word_1_219' title='bbox 123 2747 194 2856; x_wconf 37' lang='lat' dir='ltr'><strong>§veisa</strong></span> <span class='ocrx_word' id='word_1_220' title='bbox 211 2767 293 2817; x_wconf 60' lang='lat' dir='ltr'><strong>puisun</strong></span> <span class='ocrx_word' id='word_1_221' title='bbox 314 2766 339 2808; x_wconf 79' lang='lat' dir='ltr'><strong>or</strong></span> <span class='ocrx_word' id='word_1_222' title='bbox 375 2749 441 2808; x_wconf 91' lang='lat' dir='ltr'><strong>Nec</strong></span> <span class='ocrx_word' id='word_1_223' title='bbox 462 2768 533 2809; x_wconf 91' lang='lat' dir='ltr'><strong>vero</strong></span> <span class='ocrx_word' id='word_1_224' title='bbox 554 2748 727 2810; x_wconf 90' lang='lat' dir='ltr'><strong>criminibus</strong></span> <span class='ocrx_word' id='word_1_225' title='bbox 755 2750 834 2810; x_wconf 86' lang='lat' dir='ltr'><strong>salsis</strong></span> <span class='ocrx_word' id='word_1_226' title='bbox 862 2749 893 2810; x_wconf 91' lang='lat' dir='ltr'><strong>in</strong></span> <span class='ocrx_word' id='word_1_227' title='bbox 921 2750 1025 2813; x_wconf 91' lang='lat' dir='ltr'><strong>odium</strong></span> <span class='ocrx_word' id='word_1_228' title='bbox 1052 2764 1103 2812; x_wconf 92' lang='lat' dir='ltr'><strong>aut</strong></span> <span class='ocrx_word' id='word_1_229' title='bbox 1131 2751 1173 2811; x_wconf 91' lang='lat' dir='ltr'><strong>in·</strong></span> 
     </span>
     <span class='ocr_line' id='line_1_30' title="bbox 143 2816 1174 2925; baseline 0.006 -21"><span class='ocrx_word' id='word_1_230' title='bbox 143 2816 335 2869; x_wconf 45' lang='lat' dir='ltr'><strong>mmm*</strong></span> <span class='ocrx_word' id='word_1_231' title='bbox 373 2844 484 2905; x_wconf 85' lang='lat' dir='ltr'><strong>vidiam</strong></span> <span class='ocrx_word' id='word_1_232' title='bbox 505 2866 686 2923; x_wconf 89' lang='lat' dir='ltr'><strong>quemquam</strong></span> <span class='ocrx_word' id='word_1_233' title='bbox 704 2847 831 2919; x_wconf 83' lang='lat' dir='ltr'><strong>vocabit,</strong></span> <span class='ocrx_word' id='word_1_234' title='bbox 846 2847 1029 2925; x_wconf 87' lang='lat' dir='ltr'><strong>omninoque</strong></span> <span class='ocrx_word' id='word_1_235' title='bbox 1049 2849 1090 2908; x_wconf 90' lang='lat' dir='ltr'><strong>ita</strong></span> <span class='ocrx_word' id='word_1_236' title='bbox 1116 2849 1174 2910; x_wconf 87' lang='lat' dir='ltr'><strong>ius-</strong></span> 
     </span>
     <span class='ocr_line' id='line_1_31' title="bbox 123 2933 1171 3023; baseline 0.004 -22"><span class='ocrx_word' id='word_1_237' title='bbox 123 2941 204 3002; x_wconf 88' lang='lat' dir='ltr'><strong>titiae</strong></span> <span class='ocrx_word' id='word_1_238' title='bbox 222 2941 428 3018; x_wconf 88' lang='lat' dir='ltr'><strong>honestatique</strong></span> <span class='ocrx_word' id='word_1_239' title='bbox 445 2944 644 3017; x_wconf 86' lang='lat' dir='ltr'><strong>adhaerescet,</strong></span> <span class='ocrx_word' id='word_1_240' title='bbox 659 2954 700 3017; x_wconf 94' lang='lat' dir='ltr'><strong>ut,</strong></span> <span class='ocrx_word' id='word_1_241' title='bbox 716 2945 789 3003; x_wconf 91' lang='lat' dir='ltr'><strong>dum</strong></span> <span class='ocrx_word' id='word_1_242' title='bbox 805 2963 841 3005; x_wconf 87' lang='lat' dir='ltr'><strong>ea</strong></span> <span class='ocrx_word' id='word_1_243' title='bbox 859 2933 1021 3020; x_wconf 89' lang='lat' dir='ltr'><strong>conservet,</strong></span> <span class='ocrx_word' id='word_1_244' title='bbox 1037 2948 1171 3023; x_wconf 88' lang='lat' dir='ltr'><strong>quamvis</strong></span> 
     </span>
     <span class='ocr_line' id='line_1_32' title="bbox 123 3039 1169 3121; baseline 0.006 -22"><span class='ocrx_word' id='word_1_245' title='bbox 123 3039 247 3117; x_wconf 83' lang='lat' dir='ltr'><strong>graviter</strong></span> <span class='ocrx_word' id='word_1_246' title='bbox 263 3042 394 3100; x_wconf 83' lang='lat' dir='ltr'><strong>offendat</strong></span> <span class='ocrx_word' id='word_1_247' title='bbox 411 3052 596 3119; x_wconf 88' lang='lat' dir='ltr'><strong>mortemque</strong></span> <span class='ocrx_word' id='word_1_248' title='bbox 613 3054 734 3120; x_wconf 89' lang='lat' dir='ltr'><strong>oppetat</strong></span> <span class='ocrx_word' id='word_1_249' title='bbox 752 3042 851 3121; x_wconf 87' lang='lat' dir='ltr'><strong>potius</strong></span> <span class='ocrx_word' id='word_1_250' title='bbox 869 3063 959 3120; x_wconf 89' lang='lat' dir='ltr'><strong>quam</strong></span> <span class='ocrx_word' id='word_1_251' title='bbox 978 3045 1093 3106; x_wconf 89' lang='lat' dir='ltr'><strong>deserat</strong></span> <span class='ocrx_word' id='word_1_252' title='bbox 1112 3046 1169 3118; x_wconf 83' lang='lat' dir='ltr'><strong>illa,</strong></span> 
     </span>
     <span class='ocr_line' id='line_1_33' title="bbox 125 3135 1214 3221; baseline 0.004 -26"><span class='ocrx_word' id='word_1_253' title='bbox 125 3155 201 3213; x_wconf 91' lang='lat' dir='ltr'><strong>quae</strong></span> <span class='ocrx_word' id='word_1_254' title='bbox 222 3135 289 3195; x_wconf 83' lang='lat' dir='ltr'><strong>dixi</strong></span> <span class='ocrx_word' id='word_1_255' title='bbox 333 3139 381 3212; x_wconf 89' lang='lat'><strong>87.</strong></span> <span class='ocrx_word' id='word_1_256' title='bbox 418 3138 585 3198; x_wconf 86' lang='lat' dir='ltr'><strong>Miserrima</strong></span> <span class='ocrx_word' id='word_1_257' title='bbox 604 3139 727 3200; x_wconf 90' lang='lat' dir='ltr'><strong>omnino</strong></span> <span class='ocrx_word' id='word_1_258' title='bbox 748 3151 792 3201; x_wconf 88' lang='lat' dir='ltr'><strong>est</strong></span> <span class='ocrx_word' id='word_1_259' title='bbox 814 3140 937 3221; x_wconf 90' lang='lat' dir='ltr'><strong>ambitio</strong></span> <span class='ocrx_word' id='word_1_260' title='bbox 963 3142 1170 3220; x_wconf 89' lang='lat' dir='ltr'><strong>honorumque</strong></span> <span class='ocrx_word' id='word_1_261' title='bbox 1184 3166 1214 3212; x_wconf 79' lang='lat' dir='ltr'><strong>,ro</strong></span> 
     </span>
     <span class='ocr_line' id='line_1_34' title="bbox 123 3228 1170 3313; baseline 0.009 -22"><span class='ocrx_word' id='word_1_262' title='bbox 123 3232 284 3307; x_wconf 90' lang='lat' dir='ltr'><strong>contenti0,</strong></span> <span class='ocrx_word' id='word_1_263' title='bbox 319 3234 357 3293; x_wconf 92' lang='lat' dir='ltr'><strong>de</strong></span> <span class='ocrx_word' id='word_1_264' title='bbox 391 3254 451 3311; x_wconf 92' lang='lat' dir='ltr'><strong>qua</strong></span> <span class='ocrx_word' id='word_1_265' title='bbox 483 3237 630 3312; x_wconf 86' lang='lat' dir='ltr'><strong>praeclare</strong></span> <span class='ocrx_word' id='word_1_266' title='bbox 664 3237 745 3313; x_wconf 92' lang='lat' dir='ltr'><strong>apud</strong></span> <span class='ocrx_word' id='word_1_267' title='bbox 765 3228 908 3297; x_wconf 31' lang='lat' dir='ltr'><strong>*eundem</strong></span> <span class='ocrx_word' id='word_1_268' title='bbox 941 3248 987 3298; x_wconf 91' lang='lat' dir='ltr'><strong>est</strong></span> <span class='ocrx_word' id='word_1_269' title='bbox 1015 3240 1170 3300; x_wconf 89' lang='lat' dir='ltr'><strong>Platonem</strong></span> 
     </span>
     <span class='ocr_line' id='line_1_35' title="bbox 125 3328 1169 3411; baseline 0.007 -23"><span class='ocrx_word' id='word_1_270' title='bbox 125 3328 274 3389; x_wconf 91' lang='lat' dir='ltr'><strong>‘similiter</strong></span> <span class='ocrx_word' id='word_1_271' title='bbox 287 3331 382 3390; x_wconf 83' lang='lat' dir='ltr'><strong>facere</strong></span> <span class='ocrx_word' id='word_1_272' title='bbox 396 3350 448 3391; x_wconf 93' lang='lat' dir='ltr'><strong>eos</strong></span> <span class='ocrx_word' id='word_1_273' title='bbox 462 3331 514 3408; x_wconf 90' lang='lat' dir='ltr'><strong>qui</strong></span> <span class='ocrx_word' id='word_1_274' title='bbox 532 3331 608 3392; x_wconf 91' lang='lat' dir='ltr'><strong>inter</strong></span> <span class='ocrx_word' id='word_1_275' title='bbox 621 3352 653 3393; x_wconf 93' lang='lat' dir='ltr'><strong>se</strong></span> <span class='ocrx_word' id='word_1_276' title='bbox 662 3334 892 3406; x_wconf 88' lang='lat' dir='ltr'><strong>contenderent,</strong></span> <span class='ocrx_word' id='word_1_277' title='bbox 908 3344 972 3396; x_wconf 90' lang='lat' dir='ltr'><strong>uter</strong></span> <span class='ocrx_word' id='word_1_278' title='bbox 990 3333 1089 3411; x_wconf 92' lang='lat' dir='ltr'><strong>potius</strong></span> <span class='ocrx_word' id='word_1_279' title='bbox 1107 3356 1169 3397; x_wconf 91' lang='lat' dir='ltr'><strong>rem</strong></span> 
     </span>
     <span class='ocr_line' id='line_1_36' title="bbox 123 3425 1170 3507; baseline 0.007 -23"><span class='ocrx_word' id='word_1_280' title='bbox 123 3425 273 3502; x_wconf 91' lang='lat' dir='ltr'><strong>publicam</strong></span> <span class='ocrx_word' id='word_1_281' title='bbox 299 3425 523 3501; x_wconf 87' lang='lat' dir='ltr'><strong>administraret,</strong></span> <span class='ocrx_word' id='word_1_282' title='bbox 552 3440 584 3488; x_wconf 93' lang='lat' dir='ltr'><strong>ut</strong></span> <span class='ocrx_word' id='word_1_283' title='bbox 611 3426 636 3488; x_wconf 91' lang='lat' dir='ltr'><strong>si</strong></span> <span class='ocrx_word' id='word_1_284' title='bbox 662 3441 770 3490; x_wconf 89' lang='lat' dir='ltr'><strong>nautae</strong></span> <span class='ocrx_word' id='word_1_285' title='bbox 796 3441 947 3504; x_wconf 88' lang='lat' dir='ltr'><strong>certarent,</strong></span> <span class='ocrx_word' id='word_1_286' title='bbox 967 3430 1034 3507; x_wconf 91' lang='lat' dir='ltr'><strong>quis</strong></span> <span class='ocrx_word' id='word_1_287' title='bbox 1067 3451 1170 3494; x_wconf 90' lang='lat' dir='ltr'><strong>eorum</strong></span> 
     </span>
    </p>
   </div>
   <div class='ocr_carea' id='block_1_11' title="bbox 105 3591 1217 3905">
    <p class='ocr_par' dir='ltr' id='par_1_11' title="bbox 105 3591 1217 3905">
     <span class='ocr_line' id='line_1_37' title="bbox 173 3591 1168 3657; baseline 0.006 -19"><span class='ocrx_word' id='word_1_288' title='bbox 173 3604 187 3652; x_wconf 78' lang='lat'><strong>3</strong></span> <span class='ocrx_word' id='word_1_289' title='bbox 198 3603 306 3639; x_wconf 91' lang='lat' dir='ltr'><strong>noenum</strong></span> <span class='ocrx_word' id='word_1_290' title='bbox 317 3606 427 3640; x_wconf 91' lang='lat' dir='ltr'><strong>rumores</strong></span> <span class='ocrx_word' id='word_1_291' title='bbox 435 3591 614 3643; x_wconf 73' lang='lat' dir='ltr'><strong>Lachmannus</strong></span> <span class='ocrx_word' id='word_1_292' title='bbox 624 3592 661 3640; x_wconf 85' lang='lat' dir='ltr'><strong>od</strong></span> <span class='ocrx_word' id='word_1_293' title='bbox 668 3592 765 3642; x_wconf 80' lang='lat' dir='ltr'><strong>Lueret.</strong></span> <span class='ocrx_word' id='word_1_294' title='bbox 774 3603 806 3641; x_wconf 93' lang='lat'><strong>111</strong></span> <span class='ocrx_word' id='word_1_295' title='bbox 817 3594 875 3657; x_wconf 88' lang='lat'>198:</span> <span class='ocrx_word' id='word_1_296' title='bbox 886 3592 967 3642; x_wconf 86' lang='lat' dir='ltr'><strong>Heine</strong></span> <span class='ocrx_word' id='word_1_297' title='bbox 975 3609 1030 3641; x_wconf 85' lang='lat' dir='ltr'><strong>cum</strong></span> <span class='ocrx_word' id='word_1_298' title='bbox 1041 3594 1105 3644; x_wconf 84' lang='lat' dir='ltr'><strong>codd.</strong></span> <span class='ocrx_word' id='word_1_299' title='bbox 1117 3609 1168 3644; x_wconf 89' lang='lat' dir='ltr'><strong>non</strong></span> 
     </span>
     <span class='ocr_line' id='line_1_38' title="bbox 122 3669 1217 3738; baseline 0.005 -18"><span class='ocrx_word' id='word_1_300' title='bbox 122 3669 189 3720; x_wconf 85' lang='lat' dir='ltr'><strong>enim</strong></span> <span class='ocrx_word' id='word_1_301' title='bbox 201 3686 318 3720; x_wconf 90' lang='lat' dir='ltr'><strong>rumores.</strong></span> <span class='ocrx_word' id='word_1_302' title='bbox 352 3673 469 3722; x_wconf 77' lang='lat' dir='ltr'><strong>Noenum</strong></span> <span class='ocrx_word' id='word_1_303' title='bbox 480 3689 498 3722; x_wconf 91' lang='lat' dir='ltr'><strong>s.</strong></span> <span class='ocrx_word' id='word_1_304' title='bbox 513 3688 596 3722; x_wconf 81' lang='lat' dir='ltr'><strong>noenu</strong></span> <span class='ocrx_word' id='word_1_305' title='bbox 608 3674 676 3723; x_wconf 78' lang='lat' dir='ltr'><strong>nr&#39;hil</strong></span> <span class='ocrx_word' id='word_1_306' title='bbox 688 3675 762 3723; x_wconf 83' lang='lat' dir='ltr'><strong>aliud</strong></span> <span class='ocrx_word' id='word_1_307' title='bbox 774 3681 809 3723; x_wconf 85' lang='lat' dir='ltr'><strong>ert</strong></span> <span class='ocrx_word' id='word_1_308' title='bbox 822 3690 897 3738; x_wconf 79' lang='lat' dir='ltr'><strong>quam</strong></span> <span class='ocrx_word' id='word_1_309' title='bbox 912 3690 944 3725; x_wconf 89' lang='lat' dir='ltr'><strong>ne</strong></span> <span class='ocrx_word' id='word_1_310' title='bbox 955 3689 1046 3724; x_wconf 87' lang='lat' dir='ltr'><strong>oenum</strong></span> <span class='ocrx_word' id='word_1_311' title='bbox 1057 3676 1110 3725; x_wconf 85' lang='lat' dir='ltr'><strong>h.e.</strong></span> <span class='ocrx_word' id='word_1_312' title='bbox 1122 3692 1168 3726; x_wconf 91' lang='lat' dir='ltr'><strong>nec</strong></span> <span class='ocrx_word' id='word_1_313' title='bbox 1211 3710 1217 3719; x_wconf 87' lang='lat'><em>-</em></span> 
     </span>
     <span class='ocr_line' id='line_1_39' title="bbox 122 3752 1168 3823; baseline 0.006 -21"><span class='ocrx_word' id='word_1_314' title='bbox 122 3768 206 3802; x_wconf 84' lang='lat' dir='ltr'><strong>unum.</strong></span> <span class='ocrx_word' id='word_1_315' title='bbox 243 3757 252 3810; x_wconf 84' lang='grc'><strong>11</strong></span> <span class='ocrx_word' id='word_1_316' title='bbox 287 3752 352 3803; x_wconf 91' lang='lat' dir='ltr'><strong>6sit</strong></span> <span class='ocrx_word' id='word_1_317' title='bbox 367 3755 448 3818; x_wconf 81' lang='lat' dir='ltr'><strong>vulgo,</strong></span> <span class='ocrx_word' id='word_1_318' title='bbox 459 3763 497 3804; x_wconf 92' lang='lat' dir='ltr'><strong>est</strong></span> <span class='ocrx_word' id='word_1_319' title='bbox 510 3754 630 3804; x_wconf 77' lang='lat' dir='ltr'><strong>Halmius</strong></span> <span class='ocrx_word' id='word_1_320' title='bbox 646 3757 727 3805; x_wconf 82' lang='lat' dir='ltr'><strong>Heine</strong></span> <span class='ocrx_word' id='word_1_321' title='bbox 740 3756 872 3806; x_wconf 79' lang='lat' dir='ltr'><strong>Fleckeisen</strong></span> <span class='ocrx_word' id='word_1_322' title='bbox 907 3760 917 3815; x_wconf 79' lang='lat' dir='ltr'><strong>ll</strong></span> <span class='ocrx_word' id='word_1_323' title='bbox 953 3773 984 3820; x_wconf 80' lang='lat'><strong>24</strong></span> <span class='ocrx_word' id='word_1_324' title='bbox 1000 3757 1073 3806; x_wconf 86' lang='lat' dir='ltr'><strong>verba</strong></span> <span class='ocrx_word' id='word_1_325' title='bbox 1087 3772 1168 3823; x_wconf 85' lang='lat' dir='ltr'><strong>neque</strong></span> 
     </span>
     <span class='ocr_line' id='line_1_40' title="bbox 105 3833 756 3905; baseline 0.022 -30"><span class='ocrx_word' id='word_1_326' title='bbox 105 3833 329 3882; x_wconf 83' lang='lat' dir='ltr'><strong>—consectabr&#39;tur</strong></span> <span class='ocrx_word' id='word_1_327' title='bbox 336 3835 401 3885; x_wconf 76' lang='lat' dir='ltr'><strong>delet</strong></span> <span class='ocrx_word' id='word_1_328' title='bbox 407 3836 541 3886; x_wconf 69' lang='lat' dir='ltr'><strong>Hebraeus</strong></span> <span class='ocrx_word' id='word_1_329' title='bbox 551 3837 619 3888; x_wconf 79' lang='lat' dir='ltr'><strong>Ado.</strong></span> <span class='ocrx_word' id='word_1_330' title='bbox 633 3849 654 3888; x_wconf 89' lang='lat'><strong>11</strong></span> <span class='ocrx_word' id='word_1_331' title='bbox 660 3845 689 3905; x_wconf 79' lang='lat' dir='ltr'><strong>p.</strong></span> <span class='ocrx_word' id='word_1_332' title='bbox 706 3848 756 3904; x_wconf 75' lang='lat'><strong>374</strong></span> 
     </span>
    </p>
   </div>
   <div class='ocr_carea' id='block_1_12' title="bbox 0 0 1294 4184">
    <p class='ocr_par' dir='ltr' id='par_1_12' title="bbox 0 0 1294 4184">
     <span class='ocr_line' id='line_1_41' title="bbox 0 0 1294 4184; baseline 0 2"><span class='ocrx_word' id='word_1_333' title='bbox 0 0 1294 4184; x_wconf 95' lang='lat' dir='ltr'><strong> </strong></span> 
     </span>
    </p>
   </div>
  </div>
 </body>
</html>
