2580 4184
97 215 131 275 11
146 228 194 272 xrr
208 208 262 292 42]
547 211 597 269 De
609 209 704 285 gloria
1107 220 1145 283 ts

94 376 289 456 aequabiliter
310 377 454 459 praedam
477 371 636 452 dispertiat,
660 384 711 435 aut
734 371 924 434 interficiatur
944 391 963 432 a
984 370 1072 433 sociis
1094 383 1147 433 aut

94 475 284 552 relinquatur.
328 469 516 547 Quinetiam
534 471 613 547 leges
631 471 778 530 latronum
794 488 859 529 esse
878 468 1024 543 dicuntur,
1039 467 1147 546 quibus

95 580 226 649 pareant,
244 588 318 646 quas
339 569 504 629 observent
548 567 654 642 Itaque
674 575 793 643 propter
813 564 1000 642 aequabilem
1019 565 1147 642 praedae

95 665 285 745 partitionem
306 675 336 726 et
357 661 493 723 Bardulis
514 660 632 739 Illyrius
651 663 735 734 latro,
750 662 864 738 dequo
884 672 929 722 est
949 661 1030 739 apud
1050 663 1146 722 Theo

95 781 251 841 pompum,
279 779 401 838 magnas
433 777 506 836 opes
532 756 636 818 habuit
663 768 694 818 et
721 759 815 817 multo
842 757 968 823 maiores
995 756 1146 818 Viriathus
1175 771 1189 824 5

97 859 265 933 Lusitanus,
286 857 336 918 cui
356 855 480 934 quidem
500 854 590 916 etiam
611 853 756 916 exercitus
780 854 873 915 nostri
896 854 1147 932 imperatoresque

97 966 258 1030 cesserunt,
280 972 371 1031 quem
386 954 420 1014 C.
437 950 565 1025 Laelius,
586 950 612 1011 is
632 949 684 1028 qui
704 949 827 1027 Sapiens
846 962 1009 1028 usurpatur,
1031 963 1148 1028 praetor

98 1050 184 1129 fregit
204 1061 234 1112 et
254 1047 431 1111 comminuit
451 1046 694 1124 ferocitatemque
713 1045 777 1108 eius
797 1045 838 1107 ita
855 1047 999 1124 repressit,
1014 1059 1048 1107 ut
1062 1048 1146 1107 facile

98 1148 211 1209 bellum
231 1145 351 1223 reliquis
371 1144 507 1204 traderet.
550 1145 628 1204 Cum
648 1141 735 1221 igitur
755 1153 837 1202 tanta
848 1142 892 1204 vis
910 1142 1037 1203 iustitiae
1054 1143 1098 1217 sit,
1114 1154 1147 1202 ut

99 1263 136 1306 ea
153 1242 243 1304 etiam
261 1243 410 1303 latronum
428 1259 501 1318 opes
514 1239 611 1301 firmet
624 1249 713 1317 atque
727 1250 840 1316 augeat,
855 1250 996 1315 quantam
1010 1239 1073 1299 eius
1086 1239 1146 1299 vim
1161 1257 1190 1292 10
1272 1287 1277 1312 ‚

99 1338 176 1400 inter
193 1340 273 1417 leges
291 1348 323 1399 et
341 1334 451 1396 iudicia
469 1346 499 1397 et
517 1334 549 1396 in
562 1334 723 1395 constituta
735 1354 767 1394 re
780 1334 899 1412 publica
912 1336 974 1395 fore
987 1339 1147 1412 putamus?

352 1452 400 1507 41.
423 1430 502 1492 Mihi
522 1430 644 1508 quidem
668 1450 730 1492 non
753 1433 834 1508 apud
856 1433 965 1492 Medos
987 1434 1092 1506 solum,
1114 1444 1147 1493 ut

98 1513 313 1608 ffilffclfflfssssss
350 1529 391 1591 ait
413 1531 596 1602 Herodotus,
611 1529 665 1589 sed
684 1528 772 1590 etiam
789 1529 869 1606 apud
882 1528 1007 1588 maiores
1021 1540 1145 1602 nostros,

99 1615 251 1718 ξζξζᾎξῑῑω
268 1617 312 1659 ²¹²⁶
349 1624 477 1687 iustitiae
510 1625 652 1686 fruendae
684 1643 774 1684 causa
799 1623 937 1684 videntur
967 1623 1039 1685 olim
1069 1625 1146 1685 bene

351 1718 456 1781 morati
470 1739 553 1797 reges
573 1717 735 1779 constituti.
778 1720 858 1778 Nam
878 1737 948 1778 cum
968 1730 1147 1796 premeretur
1162 1735 1188 1783 15

99 1813 185 1894 inops
206 1815 367 1877 multitudo
387 1818 426 1878 ab
445 1816 488 1891 iis,
504 1815 556 1893 qui
576 1815 702 1876 maiores
723 1834 795 1892 opes
816 1814 973 1887 habebant,
994 1815 1033 1874 ad
1053 1834 1147 1873 unum

99 1911 230 1988 aliquem
250 1911 461 1990 confugiebant
479 1912 585 1973 virtute
605 1922 813 1989 praestantem,
828 1909 880 1987 qui
897 1929 967 1969 cum
980 1909 1147 1986 prohiberet

99 2007 206 2070 iniuria
225 2009 383 2083 tenuiores,
399 2009 548 2086 aequitate
567 2008 778 2070 constituenda
797 2026 929 2067 summos
950 2026 1020 2066 cum
1040 2006 1147 2066 infimis

99 2105 162 2184 pari
189 2104 253 2165 iure
280 2105 431 2166 retinebat
476 2106 650 2182 Eademque
673 2103 947 2164 constituendarum
970 2105 1069 2181 legum
1093 2103 1147 2163 fuit

100 2221 190 2262 causa
218 2220 294 2277 quae
326 2222 437 2281 regum.
493 2220 540 2274 42·
578 2205 629 2261 Ius
659 2200 740 2262 enim
767 2219 884 2276 semper
910 2210 955 2260 est
981 2199 1147 2276 quaesitum
1161 2220 1192 2256 ιο

100 2298 275 2375 aequabile;
298 2297 498 2376 nequeenim
522 2297 606 2359 aliter
628 2309 705 2359 esset
727 2296 781 2357 ius.
824 2298 862 2357 Id
885 2296 910 2357 si
930 2298 968 2358 ab
989 2316 1050 2358 uno
1070 2297 1148 2358 iusto

101 2404 131 2455 et
157 2394 239 2454 bono
266 2393 329 2455 viro
356 2395 623 2471 consequebantur,
651 2403 734 2456 erant
765 2412 803 2455 eo
835 2392 985 2470 contenti:
1020 2413 1089 2453 cum
1116 2393 1149 2455 id

101 2488 198 2550 minus
222 2488 414 2567 contingeret,
439 2492 518 2568 leges
546 2501 614 2550 sunt
641 2489 787 2563 inventae,
810 2509 886 2567 quae
913 2510 983 2550 cum
1010 2491 1148 2551 omnibus

101 2604 218 2663 semper
234 2605 295 2645 una
311 2597 400 2662 atque
414 2587 520 2647 eadem
534 2606 608 2648 voce
621 2588 818 2663 loquerentur.
861 2589 940 2665 Ergo
954 2588 1012 2648 hoc
1026 2588 1148 2665 quidem

100 2681 289 2760 perspicuum
309 2694 362 2757 est,
377 2702 429 2744 eos
449 2685 489 2744 ad
510 2683 716 2762 imperandum
736 2683 825 2762 deligi
843 2685 952 2758 solitos,
968 2705 1095 2762 quorum
1110 2687 1147 2746 de
1160 2702 1190 2751 25

101 2778 211 2839 iustitia
234 2798 339 2857 magna
367 2792 445 2841 esset
472 2781 573 2858 opinio
601 2780 804 2842 multitudinis.
847 2781 999 2842 Adiuncto
1021 2802 1092 2842 vero
1115 2794 1148 2842 ut

101 2875 193 2938 iidem
220 2877 310 2938 etiam
330 2880 491 2955 prudentes
512 2879 698 2950 haberentur,
723 2877 796 2938 nihil
820 2889 881 2939 erat
906 2880 989 2956 quod
1012 2879 1148 2940 homines

101 2974 137 3034 iis
175 2973 344 3033 auctoribus
372 2992 433 3034 non
460 2994 549 3053 posse
575 2973 720 3051 consequi
743 2993 775 3034 se
799 2975 1012 3035 arbitrarentur.
1056 2975 1149 3037 Omni

101 3065 190 3146 igitur
209 3067 322 3128 ratione
342 3071 469 3130 colenda
489 3083 519 3131 et
539 3069 694 3131 retinenda
713 3068 824 3130 iustitia
844 3081 889 3131 est
921 3090 990 3130 cum
1011 3069 1076 3148 ipsa
1096 3090 1149 3149 per

102 3181 278 3223 sese-nam
298 3163 381 3224 aliter
401 3165 510 3226 iustitia
530 3186 592 3228 non
612 3177 794 3228 esset-tum
812 3178 931 3246 propter
948 3167 1147 3245 amplificatio·
1161 3187 1192 3236 30

103 3277 173 3319 nem
186 3259 306 3320 honoris
321 3271 350 3320 et
363 3262 480 3338 gloriae.

129 3403 216 3455 clm,
240 3411 263 3445 ω
287 3403 315 3445 be
412 3361 472 3420 Sed
485 3370 518 3420 ut
531 3358 675 3437 pecuniae
690 3378 751 3419 non
765 3360 951 3436 quaerendae
964 3360 1060 3420 solum
1074 3357 1148 3420 ratio

103 3451 196 3503 annue,
211 3462 318 3495 mmm
353 3466 406 3529 est,
429 3474 530 3515 vemm
554 3454 643 3516 etiam
667 3456 868 3528 collocandae,
891 3474 968 3532 quae
991 3466 1149 3532 perpetuos

103 3516 131 3545 on
141 3517 198 3545 some
207 3504 260 3544 solid
273 3504 316 3544 and

103 3553 315 3645 {glelfssiulsmun'
353 3561 487 3628 sumptus
508 3550 676 3629 suppeditet
702 3570 758 3610 nec
778 3553 875 3611 solum
896 3550 1074 3610 necessarios
1094 3552 1149 3611 sed

103 3653 105 3657 Α
166 3603 255 3655 grtwrll
265 3617 317 3645 soon

354 3647 443 3709 etiam
464 3647 604 3723 liberales,
614 3647 657 3707 sic
674 3646 767 3725 gloria
785 3659 814 3708 et
829 3646 998 3723 quaerenda
1014 3657 1044 3707 et
1060 3649 1149 3708 collo·
1161 3664 1190 3716 35

151 3782 248 3848 4latro
265 3783 317 3833 secl.
334 3784 376 3833 Ba
391 3782 472 3832 Heius
536 3786 547 3843 ss
617 3780 648 3832 16
669 3781 742 3849 inops
756 3783 913 3834 cumdeterr.
930 3780 999 3834 codd.
1018 3783 1060 3835 Bo
1079 3783 1161 3835 Haiue

87 3865 144 3920 Mu,
156 3866 184 3911 in
194 3865 246 3912 otio
254 3865 395 3914 ⁴ftAlanur
402 3881 460 3916 cum
469 3867 568 3935 aliquot
574 3868 642 3922 codd.
645 3907 654 3937 ,
666 3868 741 3924 initio
755 3870 827 3925 urz
