2580 4184
414 1189 575 1255 LIBER
610 1188 842 1256 TERTIVS

74 1494 315 1550 lntnuooucuon
412 1505 437 1545 1.
474 1486 619 1545 Pomm
634 1481 812 1560 Scipionem,
828 1484 931 1543 Marce
945 1479 994 1557 fili,
1010 1500 1079 1543 eum
1094 1479 1145 1560 qui

102 1573 317 1666 Rgffimilffigg'g
353 1579 464 1658 primus
483 1579 639 1640 Africanus
655 1580 819 1656 appellatus
836 1589 890 1653 est,
905 1578 1004 1639 dicere
1024 1577 1145 1639 solitum

99 1673 313 1771 ffiffiffgffflffi‘g
351 1676 465 1754 scripsit
486 1679 571 1750 Cato,
594 1675 644 1754 qui
664 1675 719 1735 fuit
741 1674 804 1736 eius
825 1676 886 1736 fere
904 1674 1045 1753 aequalis,
1065 1689 1150 1734 num*

100 1773 315 1866 ffifflffiiglgetffg
351 1792 438 1850 quom
457 1774 602 1832 seminus
623 1775 742 1833 otiosum
765 1791 927 1849 essequam
948 1792 1011 1833 cum
1034 1773 1146 1846 atteras,

100 1855 313 1926 sacrament.
352 1872 516 1930 meminus
537 1871 628 1929 solum
651 1887 822 1945 quamtum
848 1871 925 1929 solus
947 1877 1020 1931 asset.
1065 1871 1148 1946 Mag·
1176 1897 1191 1948 5

101 1967 189 2028 nifica
201 1987 271 2029 vero
285 1988 343 2029 vox
357 1979 386 2030 et
400 1987 509 2046 magno
523 1966 586 2029 viro
604 1987 640 2027 ac
654 1966 787 2044 sapiente
801 1966 905 2046 digna:
926 1987 1003 2045 quae
1018 1968 1147 2028 declarat

101 2061 184 2123 illum
199 2076 228 2125 et
241 2064 273 2124 in
287 2065 349 2126 otio
363 2066 402 2126 de
416 2064 542 2143 negotiis
556 2063 685 2142 cogitare
698 2075 729 2125 et
743 2063 773 2123 in
783 2063 941 2125 solitudine
951 2084 1052 2125 secum
1063 2063 1146 2141 loqui

100 2161 229 2236 solitum,
252 2173 285 2223 ut
312 2180 410 2239 neque
433 2173 560 2223 cessaret
587 2180 730 2239 umquam
758 2172 788 2222 et
810 2160 959 2222 interdum
985 2161 1146 2239 conloquio

100 2258 218 2319 alterius
239 2278 300 2319 non
320 2270 426 2337 egeret
470 2260 518 2319 Ita
538 2259 615 2320 duae
635 2278 690 2333 res,
712 2277 791 2336 quae
810 2252 986 2336 languorem
1010 2259 1146 2320 adferunt

101 2356 213 2430 ceteris,
228 2355 312 2416 illum
330 2357 485 2430 acuebant,
504 2355 598 2417 otium
617 2367 647 2418 et
665 2354 804 2417 solitudo.
847 2358 966 2417 Vellem
983 2355 1069 2417 nobis
1087 2357 1146 2415 hoc
1161 2379 1191 2417 ro

101 2449 181 2512 idem
201 2470 270 2513 vere
290 2451 389 2513 dicere
407 2453 516 2526 liceret,
531 2453 585 2513 sed
606 2454 631 2512 si
651 2451 749 2513 minus
763 2451 927 2514 imitatione
941 2464 1054 2514 tantam
1068 2452 1147 2532 inge·

101 2549 143 2609 nii
163 2549 371 2627 praestantiam
390 2549 534 2627 consequi
554 2569 720 2627 possumus,
739 2551 893 2611 voluntate
913 2561 993 2611 certe
1013 2549 1145 2627 proxime

100 2645 277 2727 accedimus.
320 2649 400 2706 Na'm
414 2658 444 2707 et
458 2665 476 2706 a
489 2650 520 2707 re
534 2645 653 2723 publica
669 2646 894 2724 forensibusque
915 2645 1040 2725 negotiis
1057 2644 1145 2707 armis

100 2743 198 2821 impiis
218 2743 307 2821 vique
327 2744 466 2821 prohibiti
487 2743 583 2804 otium
602 2741 806 2821 persequimur
825 2755 856 2804 et
876 2745 916 2804 ob
937 2763 1004 2804 eam
1025 2762 1145 2804 causam

100 2841 173 2901 urbe
186 2840 288 2901 relicta
300 2860 368 2900 rura
380 2852 567 2918 peragrantes
578 2858 667 2917 saepe
680 2839 736 2900 soli
750 2859 859 2901 sumus.
904 2859 929 2901 2.
952 2841 1011 2900 Sed
1022 2840 1145 2900 nechoc
1160 2863 1187 2912 ¹5

101 2935 195 2997 otium
208 2957 278 2998 cum
291 2937 421 2998 Africani
435 2937 497 2998 otio
511 2956 568 2997 nec
581 2938 655 2997 haec
664 2937 794 2998 solitudo
808 2956 877 2996 cum
886 2935 936 2996 illa
946 2936 1146 3014 comparanda

100 3044 152 3094 est.
196 3036 252 3096 Ille
265 3034 346 3095 enim
359 3033 547 3112 requiescens
561 3054 580 3094 a
592 3032 634 3094 rei
648 3034 784 3110 publicae
801 3033 1004 3111 pulcherrimis
1018 3031 1146 3093 muneri-

99 3130 156 3190 bus
167 3130 262 3192 otium
275 3130 331 3192 sibi
345 3128 481 3192 sumebat
494 3130 656 3208 aliquando
670 3143 700 3192 et
714 3149 731 3191 e
745 3143 832 3191 coetu
846 3129 1002 3191 hominum
1012 3133 1146 3208 frequen-

99 3227 200 3306 tiaque
213 3227 362 3289 interdum
375 3239 529 3305 tamquam
546 3227 578 3286 in
592 3238 709 3305 portum
725 3247 757 3288 se
771 3220 803 3286 in‘
820 3225 1010 3288 solitudinem
1024 3225 1144 3309 recipie·

99 3326 159 3386 bat.
196 3328 341 3386 Nostrum
359 3338 459 3387 autem
480 3325 575 3386 otium
596 3324 706 3403 negotii
727 3324 835 3402 inopia,
856 3343 917 3385 non
938 3322 1144 3401 requiescendi
1158 3348 1190 3384 ao

99 3421 198 3482 studio
212 3421 406 3483 constitutum
421 3431 475 3481 est.
497 3420 636 3482 Extincto
647 3420 727 3481 enim
736 3432 840 3480 senatu
850 3418 1014 3496 deletisque
1027 3417 1144 3479 iudiciis

98 3517 173 3594 quid
193 3528 239 3578 est
262 3519 346 3596 quod
368 3517 492 3595 dignum
514 3516 601 3578 nobis
624 3528 675 3577 aut
698 3516 730 3577 in
754 3515 835 3577 curia
855 3527 906 3576 aut
926 3515 957 3576 in
978 3516 1041 3575 foro
1058 3530 1144 3592 agere

148 3708 162 3742 n
179 3700 216 3744 est
227 3695 268 3745 Ba
278 3695 310 3744 St
318 3695 407 3757 Hea'ne,
424 3695 466 3744 Lu
481 3711 537 3765 cum
548 3711 599 3744 uno
612 3694 671 3755 cod,
684 3694 758 3760 vuqto
769 3693 802 3745 sit
836 3698 846 3754 {l
882 3706 898 3758 9
914 3692 950 3744 ita
960 3693 1001 3743 Ba
1011 3693 1092 3743 Helm
1103 3692 1143 3743 Lu

96 3789 153 3825 cum
163 3775 237 3834 codd,
250 3776 335 3840 ltaque
347 3778 387 3826 Or
392 3778 436 3827 Zu
468 3782 482 3837 11
518 3794 549 3830 ro
565 3777 614 3831 hoc
626 3777 696 3833 idem
707 3779 794 3834 dicere
805 3779 826 3833 2
837 3796 895 3833 cum
906 3777 1003 3848 aliquot
1016 3775 1086 3855 codd.
1153 3813 1157 3819 -

160 3880 216 3924 Cla
229 3869 345 3944 deff
1080 3889 1101 3954 Ἰ
