2580 4184
89 233 251 317 Ixu143]
390 241 535 296 aeternam
553 236 666 314 specim
678 239 806 313 pertinet
1099 256 1136 318 51

87 404 152 481 viri,
172 404 312 493 virtptem
339 405 427 484 quis?
453 416 484 467 at
509 425 598 484 quam
622 404 707 466 multi
728 405 863 467 villarum
885 406 1136 485 magnificentiam

87 503 197 566 imitati
207 499 317 584 [sunt]!
385 521 510 580 quarum
526 501 648 580 quidem
662 512 742 563 certe
755 512 801 563 est
817 501 1003 562 adhibendus
1018 505 1134 578 modus,

87 638 305 731 mmm
342 600 381 661 ad
391 599 703 756 drirrediocritadtemque
726 599 918 754 revocandusl.
962 600 1136 708 Eademque

173 741 178 750 .
341 715 390 756 me
423 707 570 755 ocntasa
613 714 734 756 omnem
755 713 843 754 usum
866 705 979 754 cutum
1001 714 1039 756 ue
1058 708 1136 758 vltae

88 753 244 834 &emm
282 738 308 782 d
340 790 543 851 transferenda
561 801 613 851 est
657 790 716 851 Sed
734 789 809 849 haec
827 713 1001 850 hactenus.q
1166 815 1181 866 5

114 939 185 981 rum
202 939 259 981 mles
271 939 304 982 for
404 905 470 960 141.
512 888 549 947 In
577 885 660 947 omni
683 897 783 946 autem
807 885 924 947 actione
947 885 1136 965 suscipienda

88 989 301 1081 ,tllourThungenak-
340 982 394 1044 tria
407 995 477 1044 sunt
491 985 621 1044 tenenda
630 1003 639 1058 3
666 981 795 1061 primum
813 993 846 1043 ut
864 983 1012 1061 appetitus
1028 983 1135 1046 rationi

88 1051 302 1150 ffibzeveedui'ii‘ffi
339 1090 448 1157 pareat,
463 1098 523 1157 quo
537 1078 610 1139 nihil
629 1090 674 1141 est
694 1080 735 1140 ad
755 1079 853 1141 officia
868 1081 1071 1140 conservanda
1089 1100 1136 1140 ac·

88 1141 288 1184 “mmm
339 1176 566 1246 commodatius,
589 1174 698 1236 deinde
716 1186 750 1236 ut
759 1175 1008 1237 animadvertatur
1025 1188 1136 1253 quanta

88 1270 140 1331 illa
158 1291 206 1334 res
226 1272 272 1346 sit,
292 1291 382 1350 quam
402 1273 518 1334 efficere
535 1271 668 1346 velimus,
688 1282 722 1332 ut
740 1291 815 1333 neve
834 1271 929 1332 maior
948 1291 1022 1332 neve
1038 1271 1135 1332 minor
1151 1306 1180 1342 ro

88 1390 160 1432 cura
172 1382 203 1432 et
217 1391 307 1450 opera
321 1370 497 1449 suscipiatur
510 1389 600 1448 quam
615 1389 704 1430 causa
717 1371 852 1448 postulet
895 1368 1029 1430 Tertium
1043 1380 1088 1429 est
1101 1382 1135 1430 ut

88 1484 247 1528 caveamus
260 1478 293 1528 ut
306 1485 350 1541 ea,
365 1485 442 1544 quae
455 1466 604 1543 pertinent
622 1467 661 1527 ad
682 1465 831 1527 liberalem
845 1465 976 1543 speciem
990 1476 1020 1526 et
1040 1465 1134 1543 digni-

88 1573 188 1636 tatem,
203 1563 357 1624 moderata
370 1563 436 1623 sint.
479 1564 592 1624 Modus
611 1573 712 1622 autem
731 1573 775 1624 est
789 1561 916 1640 optimus
931 1563 1022 1622 decus
1037 1561 1134 1640 ipsum

87 1668 197 1732 tenere,
213 1658 327 1736 dequo
340 1668 409 1718 ante
423 1657 558 1733 diximus,
572 1677 629 1720 nec
642 1657 779 1736 progredi
793 1657 917 1735 longius.
960 1659 1079 1716 Horum
1093 1668 1135 1717 ta-

87 1773 159 1816 men
169 1754 260 1816 trium·
272 1754 555 1834 praestantissimum
569 1765 614 1816 est
627 1753 790 1832 appetitum
801 1767 1004 1833 optemperare
1018 1755 1130 1815 rationi.
1150 1779 1176 1829 ¹5

24 1891 75 1942 XL
173 1912 179 1923 ,
240 1911 246 1924 ,
404 1871 470 1926 142.
514 1850 664 1929 Deinceps
683 1852 722 1912 de
743 1851 846 1912 ordine
862 1871 959 1911 rerum
977 1862 1007 1912 et
1029 1871 1134 1929 oppor·

88 1912 303 2015 αἳύῗῧύῗύῗῆᾏ
340 1948 464 2009 tunitate
479 1959 647 2025 temporum
661 1947 821 2008 dicendum
835 1958 888 2008 est.
932 1949 1019 2008 Haec
1033 1961 1134 2009 autem

88 2014 302 2123 ὐύὐύαῗῗύεὲἶῖὐ
339 2045 462 2106 scientia
482 2045 671 2106 continentur
691 2062 735 2117 ea,
763 2063 853 2120 quam
880 2044 987 2105 Graeci
1008 2042 1135 2114 εὐταξίαν

86 2115 258 2157 “umam
340 2141 504 2215 nominant,
526 2160 587 2201 non
607 2140 693 2214 hanc,
715 2159 804 2218 quam
827 2139 1052 2218 interpretamur
1065 2143 1135 2202 ‘mo

88 2238 229 2316 destiam’‚
246 2258 306 2317 quo
334 2240 365 2300 in
389 2241 480 2300 verbo
495 2239 616 2298 ‘modus’
633 2237 717 2311 inest,
739 2238 793 2298 sed
820 2237 870 2297 illa
893 2249 938 2298 est
962 2236 1080 2314 εὐταξία,
1101 2239 1133 2299 in
1147 2272 1178 2308 20

88 2358 147 2416 qua
168 2337 348 2415 intellegitur
369 2335 480 2398 ordinis
505 2335 696 2396 conservatio.
739 2336 853 2412 Itaque,
875 2346 908 2395 ut
930 2337 1057 2396 eandem
1077 2355 1134 2397 nos

112 2476 229 2518 Definition
254 2475 280 2518 οἱ
325 2433 526 2495 ‘modestiam’
538 2434 730 2511 appellemus,
751 2433 794 2492 sic
814 2432 954 2494 definitur
976 2453 995 2494 a
1016 2434 1131 2507 Stoicis,

86 2526 167 2570 Tm
338 2543 372 2593 ut
405 2531 551 2593 modestia
579 2530 616 2592 sit
647 2529 770 2591 scientia
800 2551 901 2592 earum
932 2551 1036 2604 rerum,
1056 2552 1133 2611 quae

86 2642 211 2709 agentur
237 2640 289 2692 aut
315 2629 459 2708 dicentur,
476 2631 543 2691 loco
569 2648 624 2690 suo
648 2630 896 2691 collocandarum.
944 2631 991 2691 Ita
1017 2630 1133 2693 videtur

85 2731 193 2790 eadem
219 2729 264 2790 vis
293 2729 404 2790 ordinis
431 2738 461 2789 et
489 2726 692 2789 collocationis
719 2729 804 2787 fore:
841 2747 911 2787 nam
940 2738 970 2788 et
997 2729 1131 2789 ordinem
1145 2753 1175 2803 25

85 2827 128 2889 sic
160 2826 313 2900 definiunt,
342 2823 589 2902 compositionem
616 2843 713 2885 rerum
739 2823 816 2901 aptis
844 2834 873 2884 et
899 2826 1131 2886 accommodatis

84 2921 167 2984 locis.
197 2927 310 2984 Locum
337 2932 436 2980 autem
464 2918 588 2980 actionis
616 2918 866 2996 opportunitatem
894 2917 1034 2996 temporis
1067 2939 1131 2982 esse

85 3019 204 3094 dicunt3
223 3028 341 3093 tempus
361 3027 461 3076 autem
486 3014 610 3076 actionis
634 3026 835 3094 opportunum
861 3017 974 3076 Graece
1000 3013 1129 3092 εὐκαιρία,

85 3116 190 3177 Latine
205 3116 369 3192 appellatur
382 3111 507 3174 occasio.
551 3112 600 3174 Sic
620 3113 653 3172 fit
670 3123 704 3173 ut
720 3111 866 3172 modestia
883 3112 966 3186 haec,
981 3131 1070 3188 quam
1089 3113 1129 3173 ita

84 3212 317 3288 interpretamur,
332 3222 366 3271 ut
380 3209 448 3283 dixi,
466 3207 588 3270 scientia
602 3207 639 3269 sit
655 3207 882 3287 opportunitatis
900 3207 1075 3271 idoneorum
1090 3210 1129 3269 ad
1144 3234 1174 3286 30

83 3309 232 3388 agendum
246 3318 422 3385 temporum.
468 3325 532 3383 143.
572 3307 632 3367 Sed
645 3315 743 3383 potest
758 3306 863 3365 eadem
876 3323 941 3366 esse
955 3304 1128 3382 prudentiae

84 3404 228 3478 definitio,
248 3405 286 3464 de
301 3423 360 3480 qua
378 3402 523 3481 principio
541 3401 684 3463 diximus:
703 3401 762 3461 hoc
780 3412 880 3461 autem
894 3403 962 3462 loco
976 3401 1014 3461 de
1028 3402 1130 3461 mode-

84 3501 197 3562 ratione
212 3508 242 3560 et
255 3497 450 3575 temperantia
464 3510 493 3560 et
508 3516 608 3558 earum
622 3496 765 3557 similibus
778 3494 934 3556 virtutibus
948 3495 1124 3572 quaerimus.

85 3598 198 3674 Itaque,
220 3613 296 3673 quae
323 3605 408 3653 erant
433 3593 608 3671 prudentiae
635 3590 760 3670 propria,
774 3610 829 3652 suo
853 3592 921 3652 loco
941 3590 1020 3652 dicta
1040 3602 1126 3655 sunt:

83 3712 162 3773 quae
189 3702 290 3752 autem
316 3690 421 3750 harum
442 3690 593 3764 virtutum,
617 3690 657 3750 de
683 3687 792 3766 quibus
813 3687 873 3748 iam
897 3687 949 3748 diu
969 3687 1124 3766 loquimur,
1139 3723 1169 3775 35

130 3839 250 3890 aimimti
262 3846 320 3888 sunt
332 3846 366 3887 ul
370 3839 538 3901 pammatii
548 3838 747 3907 supplementum
763 3839 920 3896 secluserunt
940 3840 984 3895 Ba
1003 3839 1085 3894 Heine
1105 3840 1149 3892 Lu

63 3921 85 3975 Ι
107 3917 475 3975 ,rmediocrr'tatemlasrteb'a

1005 4048 1097 4111 4--2
