2580 4184
143 213 201 255 roo
399 194 449 254 De
466 193 632 254 contentione
649 193 773 253 mirati
789 198 817 252 et
842 193 929 253 Utile
1013 189 1187 274 [illurn

139 375 202 424 tam
219 359 393 453 reliquiaaet,
408 360 671 423 absolveret-oris
691 361 772 422 enim
791 361 982 439 pulchritudo
1002 361 1106 441 reliqui
1127 383 1192 425 cor·

139 457 220 538 potis
230 451 369 523 =imlttudi
382 477 465 539 spem
481 458 713 520 auferebat-sic
737 479 782 535 ea,
801 478 877 536 quae
893 458 1051 518 Panaetius
1065 470 1191 536 praeter·

139 553 269 618 misisset
280 567 313 616 >et
327 574 388 616 non
402 555 578 633 perfecisset,
585 565 704 633 propter
713 574 817 615 eorum
831 574 909 633 quae
923 555 1093 632 perfecisset
1107 575 1190 633 prae·

143 652 283 714 stantiam
296 651 448 715 neminem
458 662 656 730 persecutum.

89 751 133 804 111
459 768 504 809 11.
547 749 647 824 Quam
661 749 778 818 obrem
796 751 835 811 de
854 748 965 811 iudicio
986 746 1119 811 Panaetii
1140 750 1193 811 du·
1224 772 1238 822 5

142 825 360 928 ,offlessqssffl
396 843 482 905 bitari
503 863 564 905 non
585 856 696 922 potest,
717 857 836 906 rectene
856 856 957 906 autem
976 846 1055 906 hanc
1075 845 1191 907 tertiam

141 927 358 1040 &mpssfiffiwffl
394 954 509 1020 partem
528 943 568 1003 ad
586 941 803 1019 exquirendum
822 942 952 1004 officium
973 942 1139 1004 adiunxerit
1153 963 1192 1005 an

141 1028 357 1122 ffissssdffl'gssg
395 1058 488 1112 secus,
503 1038 541 1099 de
557 1057 594 1100 eo
605 1041 729 1100 fortasse
740 1039 882 1117 disputari
896 1050 1002 1117 potest.
1032 1042 1112 1099 Nam
1128 1040 1190 1102 sive

142 1129 231 1222 3¹1}an
252 1128 356 1221 ffiwffl
393 1135 552 1195 honestum
573 1136 671 1195 solum
692 1136 806 1195 bonum
826 1147 880 1208 est,
901 1148 934 1196 ut
958 1135 1065 1197 Stoicis
1085 1138 1192 1214 placet,

141 1230 358 1323 fiffilffimggd
395 1229 466 1305 sive,
481 1232 564 1308 quod
578 1232 738 1293 honestum
752 1244 805 1308 est,
817 1233 849 1295 id
863 1233 904 1294 ita
918 1254 1068 1296 summum
1080 1237 1192 1296 bonum
1209 1259 1239 1296 10

336 1310 343 1331 ⁵
395 1340 448 1402 est,
464 1331 747 1406 quemadmodum
768 1332 1093 1410 Peripateticisvestris
1114 1334 1193 1394 vide-

141 1439 197 1503 tur,
217 1439 251 1489 ut
272 1427 374 1488 omnia
394 1447 432 1488 ex
453 1427 545 1486 altera
566 1438 649 1503 parte
671 1429 818 1488 collocata
839 1427 888 1488 vix
910 1427 1026 1488 minimi
1048 1430 1193 1491 momenti

141 1525 233 1585 instar
253 1525 390 1600 habeant,
406 1524 606 1586 dubitandum
627 1542 689 1585 non
709 1529 754 1599 est
768 1524 842 1602 quin
852 1545 1017 1604 numquam
1031 1528 1124 1605 possit
1138 1529 1193 1590 uti·

142 1622 208 1683 litas
229 1643 300 1683 cum
321 1624 478 1684 honestate
500 1623 691 1684 contendere.
735 1625 843 1700 Itaque
857 1624 1027 1702 accepimus
1041 1627 1192 1687 Socratem

141 1719 270 1780 execrari
292 1719 412 1780 solitum
433 1738 494 1791 eos,
508 1717 560 1795 qui
579 1718 708 1796 primum
722 1720 797 1781 haec
811 1733 916 1781 natura
929 1723 1118 1784 cohaerentia
1132 1723 1192 1802 opi·
1207 1741 1233 1791 15

141 1815 232 1878 nione
246 1816 454 1878 distraxissent.
498 1816 556 1878 Cui
578 1816 700 1894 quidem
721 1817 763 1878 ita
781 1830 848 1879 sunt
863 1818 954 1879 Stoici
969 1820 1089 1894 assensi,
1105 1832 1138 1881 ut
1151 1832 1190 1895 et,

142 1915 291 1993 quidquid
314 1918 474 1977 honestum
499 1926 585 1989 esset,
609 1914 642 1976 id
665 1914 737 1976 utile
760 1934 825 1976 esse
850 1929 1004 1978 censerent
1039 1937 1095 1978 nec
1118 1917 1190 1980 utile

141 2012 311 2090 quicquam,
335 2014 418 2091 quod
442 2032 504 2073 non
527 2014 696 2073 honesturn.
742 2032 786 2072 12.
830 2015 923 2089 Quod
945 2013 969 2075 si
991 2014 1016 2075 is
1038 2025 1116 2075 esset
1138 2018 1192 2075 Pa·

142 2109 266 2184 naetius,
281 2109 332 2187 qui
346 2110 484 2170 virtutem
497 2120 654 2187 propterea
672 2112 831 2170 colendam
849 2110 969 2185 diceret,
985 2113 1068 2188 quod
1083 2131 1119 2171 ea
1132 2113 1191 2172 effi-

143 2205 225 2267 ciens
244 2204 376 2266 utilitatis
396 2217 484 2280 esset,
498 2217 533 2265 ut
550 2205 578 2278 ii,
590 2205 642 2281 qui
660 2225 706 2265 res
720 2206 901 2281 expetendas
917 2208 965 2266 vel
978 2209 1129 2284 voluptate
1143 2210 1190 2268 vel
1204 2229 1234 2263 το

143 2299 308 2362 indolentia
326 2301 497 2375 metiuntur,
513 2300 615 2362 liceret
626 2301 654 2362 ei
666 2301 764 2362 dicere
776 2300 931 2362 utilitatem
946 2302 1106 2379 aliquando
1121 2322 1190 2364 cum

141 2399 297 2459 honestate
310 2416 448 2476 pugnare.
491 2399 551 2458 Sed
568 2416 638 2456 cum
654 2397 691 2457 sit
707 2397 739 2471 is,
752 2397 802 2474 qui
820 2397 852 2457 id
871 2401 968 2458 solum
986 2401 1099 2461 bonum
1117 2401 1191 2461 iudi-

140 2510 197 2572 cet,
219 2499 302 2575 quod
329 2498 488 2557 honestum
516 2495 562 2570 sit,
586 2515 661 2573 quae
690 2507 790 2556 autem
814 2496 884 2556 huic
905 2510 1069 2575 repugnent
1090 2499 1189 2576 specie

139 2597 270 2673 quadam
292 2594 425 2655 utilitatis
456 2614 560 2654 eorum
587 2613 686 2670 neque
714 2593 883 2655 accessione
918 2595 1071 2656 meliorem
1099 2596 1190 2657 vitam

141 2691 204 2752 fieri
227 2710 283 2751 nec
306 2690 479 2751 decessione
502 2690 642 2768 peiorem,
659 2710 720 2750 non
739 2690 856 2751 videtur
874 2691 1011 2753 debuisse
1030 2692 1093 2754 eius
1107 2694 1190 2754 modi
1202 2714 1232 2764 25

141 2787 386 2851 deliberationem
401 2787 597 2861 introducere,
618 2787 648 2847 in
672 2807 731 2865 qua
753 2789 835 2865 quod
857 2788 929 2848 utile
950 2788 1098 2851 videretur
1119 2811 1190 2852 cum

139 2902 186 2956 co,
215 2884 297 2959 quod
324 2884 484 2943 honestum
512 2894 565 2956 est,
595 2895 819 2960 compararetur.
880 2905 923 2960 13.
959 2886 1078 2946 Etenim
1106 2891 1190 2966 quod

140 2999 290 3040 summum
314 2981 427 3041 bonum
450 3000 468 3040 a
490 2978 596 3040 Stoicis
621 2979 736 3053 dicitur,
762 2981 1020 3043 convenienter
1043 2995 1189 3046 naturae

138 3076 266 3150 vivere,
281 3076 313 3137 id
333 3078 423 3138 habet
444 3078 528 3148 hanc,
542 3088 575 3137 ut
596 3076 707 3153 opinor,
716 3075 901 3151 sententiam,
917 3098 985 3138 cum
1000 3079 1107 3142 virtute
1121 3102 1190 3142 con-

140 3191 246 3251 gruere
268 3192 392 3250 semper,
409 3184 507 3233 cetera
521 3184 630 3246 autem,
647 3192 722 3250 quae
737 3174 904 3233 secundum
924 3187 1059 3236 naturam
1080 3191 1187 3252 essent,
1203 3200 1233 3248 30

140 3270 181 3330 ita
201 3271 306 3347 legere,
327 3269 352 3329 si
372 3289 408 3330 ea
427 3268 527 3328 virtuti
549 3289 611 3329 non
631 3280 835 3346 repugnarent
879 3273 971 3346 Quod
991 3292 1060 3333 cum
1081 3274 1122 3335 ita
1143 3276 1188 3350 sit,

141 3376 246 3443 putant
267 3365 388 3443 quidam
413 3366 490 3424 hanc
520 3364 771 3443 comparationem
800 3385 861 3426 non
885 3380 965 3430 recte
990 3368 1189 3433 introductam

141 3482 197 3524 nec
225 3462 349 3524 omnino
377 3463 414 3523 de
442 3481 479 3523 eo
503 3481 611 3540 genere
638 3461 797 3540 quicquam
820 3464 1062 3542 praecipiendum
1090 3468 1187 3532 fuisse.

189 3718 203 3766 3
220 3703 293 3752 verba
303 3710 328 3753 et
338 3718 389 3752 uon
400 3703 540 3768 perfecisset
552 3720 615 3770 quae
624 3705 713 3756 desunt
723 3707 753 3756 in
766 3707 896 3757 nonnullir
909 3708 974 3757 codd.
986 3707 1136 3757 secluserunt
1145 3707 1186 3757 Ba

132 3785 220 3832 ffa'ne
265 3788 281 3842 lt
329 3802 346 3845 4
361 3785 487 3835 neminem
501 3792 658 3851 persecutum
673 3788 704 3837 St
717 3789 800 3838 Heine
813 3790 855 3838 Lu
869 3804 926 3838 cum
942 3789 1036 3854 aliquot
1050 3788 1115 3837 codd
1132 3803 1186 3839 esse

111 3869 279 3919 persecutum
291 3865 368 3929 vulgo
402 3870 417 3926 l!
452 3883 484 3934 27
502 3869 637 3931 honestum
650 3877 715 3923 esset
728 3871 769 3921 Ba
781 3871 822 3921 Lu
835 3885 890 3920 tum
901 3869 977 3920 codo
