2580 4184
138 191 177 249 34
441 178 492 236 De
513 179 710 254 Yenqteruntia
730 186 756 239 et
775 183 883 241 Decoro
1009 178 1039 263 [Ι
1054 199 1132 241 xxvr
1148 203 1183 260 91

135 354 270 418 peratum
297 362 316 404 a
342 345 412 418 filio,
440 344 579 406 facilitate
606 358 636 407 et
670 346 853 407 humanitate
886 347 974 407 video
1008 332 1188 425 superiorem

67 439 69 444 ’
136 437 232 498 fuisse.
277 442 383 517 Itaque
402 442 474 502 alter
494 461 610 519 semper
630 461 763 519 magnus,
788 445 860 503 alter
883 463 972 521 saepe
994 443 1187 522 turpissimus,

135 544 168 592 ut
188 546 268 595 recte
288 536 456 613 praecipere
475 537 631 599 videantur
651 539 703 617 qui
723 551 855 609 monent,
868 552 909 614 ut,
927 552 1039 617 quanto
1060 542 1188 620 superio·

135 649 182 689 res
209 630 309 704 simus,
337 645 420 694 tanto
448 654 503 694 nos
530 655 665 713 geramus
692 637 883 698 summissius.
940 639 1098 700 Panaetius
1126 642 1189 717 qui·

136 729 206 788 dem
234 731 406 792 Africanum
433 734 599 795 auditorem
626 747 656 797 et
684 737 856 801 familiarem
883 757 970 798 suum
997 739 1116 798 solitum
1147 741 1187 800 ait
1216 764 1230 810 5

136 832 244 905 dicere,
286 837 329 892 ‘ut
362 851 456 909 equos
487 844 607 910 propter
633 835 749 894 crebras
775 834 982 896 contentiones
1009 836 1187 913 proeliorum

135 928 287 989 ferocitate
313 930 477 989 exultantes
497 929 691 990 domitoribus
717 932 833 991 tradere
860 932 982 1004 soleant,
1005 942 1037 991 ut
1064 931 1099 992 iis
1120 933 1197 992 faci·'

135 1025 256 1101 lioribus
283 1024 397 1102 possint
424 1025 476 1100 uti,
504 1026 547 1086 sic
574 1028 710 1089 homines
737 1028 875 1088 secundis
909 1029 997 1089 rebus
1019 1032 1183 1092 ecfrenatos

136 1123 252 1199 sibique
280 1125 473 1200 praefidentes
491 1135 643 1201 tamquam
664 1125 694 1185 in
715 1145 818 1202 gyrum
841 1124 961 1186 rationis
982 1136 1012 1186 et
1034 1126 1186 1187 doctrinae

137 1221 207 1280 duci
235 1232 378 1298 oportere,
406 1233 439 1281 ut
465 1222 663 1299 perspicerent
690 1243 785 1283 rerum
813 1226 1008 1283 humanarum
1034 1223 1186 1285 imbecilli·
1203 1245 1230 1279 ro

136 1330 228 1378 tatem
250 1318 481 1396 varietatemque
505 1322 656 1381 fortunae!
711 1341 759 1397 91.
801 1326 901 1398 Atque
922 1322 1010 1382 etiam
1032 1321 1063 1381 in
1083 1341 1187 1382 secun·

136 1415 263 1476 dissimis
283 1416 370 1476 rebus
391 1416 518 1477 maxime
538 1429 584 1478 est
603 1420 748 1498 utendum
768 1419 892 1479 consilio
913 1419 1076 1479 amicorum
1092 1419 1186 1496 iisque

160 1543 349 1595 1„p„„,„;„„,
387 1513 481 1574 maior
507 1514 596 1574 etiam
623 1535 713 1592 quam
740 1527 809 1576 ante
836 1515 993 1576 tribuenda
1018 1516 1183 1577 auctoritas.

134 1594 349 1686 ξζξζῗέἶῑζῖξῃξξζῖξὲ
387 1610 549 1687 Isdemque
563 1612 743 1689 temporibus
757 1613 923 1672 cavendum
938 1624 982 1673 est
1000 1631 1039 1672 ne
1059 1625 1186 1673 assenta-

134 1695 315 1737 ²l⁰¹dfl³²t⁶¹ff⁸
383 1709 496 1770 toribus
515 1709 727 1787 patefaciamus
747 1706 824 1767 auris
843 1727 919 1768 neve
937 1707 1050 1768 adulari
1072 1728 1128 1769 nos
1147 1709 1183 1768 si·
1200 1733 1226 1780 ¹5

135 1824 249 1878 namus,
270 1804 301 1864 in
322 1824 382 1881 quo
403 1803 464 1863 falli
484 1803 569 1863 facile
589 1814 641 1862 est.
684 1804 772 1862 Tales
784 1802 864 1864 enim
880 1823 936 1864 nos
954 1823 1019 1864 esse
1038 1815 1184 1881 putamus,

135 1913 167 1962 ut
194 1901 256 1963 iure
282 1902 455 1963 laudemur:
481 1921 519 1962 ex
545 1920 605 1977 quo
626 1912 784 1960 nascuntur
804 1900 1027 1962 innumerabilia
1053 1886 1185 1979 peccata}

135 2020 206 2060 cum
219 1999 354 2059 homines
375 1997 468 2058 inflati
488 1996 677 2076 opinionibus
697 1997 819 2075 turpiter
836 1997 992 2060 irridentur
1010 2010 1040 2060 et
1060 1998 1091 2059 in
1106 2019 1186 2059 max-

164 2145 273 2186 sommae
309 2144 352 2185 and
390 2095 456 2156 imis
480 2107 633 2157 versantur
659 2096 810 2156 erroribus.
854 2119 902 2175 92.
945 2100 1005 2160 Sed
1025 2100 1099 2160 haec
1120 2098 1185 2175 qui-

137 2195 352 2296 ffigtssgffld
390 2195 460 2255 dem
487 2196 638 2253 hactenus
682 2195 762 2252 Illud
789 2206 890 2254 autem
918 2194 961 2256 sic
985 2206 1029 2255 est
1049 2194 1183 2256 iudican-
1199 2216 1229 2251 20

136 2296 257 2388 iiiiirriid
273 2297 295 2337 in
311 2297 353 2348 nri·
390 2291 461 2350 dum
491 2289 633 2350 maximas
653 2290 714 2368 geri
734 2310 780 2350 res
796 2301 826 2351 et
844 2289 964 2361 maximi
984 2288 1075 2349 animi
1092 2290 1130 2360 ab
1150 2288 1185 2348 iis

388 2383 440 2461 qui
467 2403 512 2444 res
539 2383 672 2461 publicas
700 2396 808 2462 regant,
838 2386 921 2462 quod
941 2404 1041 2445 earum
1060 2382 1186 2444 admini-

135 2480 236 2540 stratio
255 2479 395 2541 latissime
415 2490 514 2558 pateat
534 2481 574 2540 ad
593 2479 793 2558 plurimosque
814 2481 966 2558 pertineat,
994 2500 1058 2542 esse
1085 2491 1185 2541 autern

134 2575 235 2653 nragni
262 2576 353 2635 animi
379 2585 410 2636 et
436 2575 526 2637 fuisse
552 2577 662 2637 multos
689 2575 778 2637 etiam
798 2575 830 2636 in
849 2576 909 2636 vita
929 2576 1032 2649 otiosa,
1054 2573 1107 2652 qui
1133 2586 1185 2635 aut

134 2671 342 2749 investigarent
361 2682 412 2732 aut
431 2683 608 2732 conarentur
627 2692 735 2751 magna
754 2675 900 2749 quaedam
922 2692 1045 2749 seseque
1065 2692 1184 2733 suarum
1197 2697 1225 2745 25

135 2789 232 2830 rerum
259 2769 367 2831 finibus
393 2768 579 2829 continerent
606 2781 658 2829 aut
682 2769 825 2830 interiecti
845 2769 921 2829 inter
942 2769 1134 2847 philosophos
1155 2782 1186 2830 et

135 2885 187 2926 eos
215 2865 266 2941 qui
293 2885 355 2926 rem
382 2866 530 2942 publicam
558 2867 804 2940 administrarent,
832 2869 1047 2928 delectarentur
1073 2886 1105 2927 re
1133 2887 1186 2927 sua

134 2961 277 3036 familiari,
306 2982 367 3022 non
394 2983 461 3023 eam
481 2962 601 3039 quidem
624 2964 707 3025 omni
727 2964 840 3025 ratione
860 2976 1066 3042 exaggerantes
1087 2983 1185 3040 neque

135 3060 326 3120 excludentes
347 3059 384 3120 ab
405 3059 468 3119 eius
489 3079 544 3120 usu
564 3081 634 3121 suos
648 3061 806 3139 potiusque
827 3072 857 3122 et
877 3061 978 3122 amicis
995 3061 1185 3138 inpertientes

160 3204 218 3245 How
234 3219 262 3246 an
280 3212 348 3246 esau
386 3167 417 3216 et
437 3156 479 3216 rei
505 3158 650 3234 publicae,
672 3159 697 3219 si
724 3161 845 3235 quando
872 3180 943 3220 usus
970 3173 1055 3222 esset
1099 3163 1184 3236 Quae
1197 3189 1228 3236 30

134 3254 349 3357 {lgglffidsffssep-
386 3253 513 3331 primum
547 3257 624 3318 bene
658 3268 741 3334 parta
774 3257 811 3317 sit
848 3259 931 3318 nullo
965 3278 1064 3335 neque
1107 3259 1184 3336 turpi

386 3360 511 3423 quaestu
531 3368 629 3427 neque
647 3349 762 3423 odioso,
784 3349 893 3410 deinde
913 3363 1053 3428 augeatur
1071 3351 1184 3412 ratione

135 3439 286 3518 diligentia
309 3442 496 3519 parsimonia,
521 3455 585 3506 tum
612 3465 702 3523 quam
729 3447 870 3523 plurimis,
898 3449 990 3508 modo
1017 3446 1123 3525 dignis,
1152 3467 1184 3509 se

183 3606 198 3654 8
215 3605 351 3657 ecfrenatos
365 3607 406 3655 Ba
420 3623 476 3657 cum
490 3608 593 3673 antiquo
606 3608 681 3660 codice
690 3611 725 3659 H
776 3614 787 3668 11
847 3624 875 3673 15
893 3627 939 3662 nec
953 3612 991 3661 Or·
998 3611 1029 3660 St
1042 3627 1097 3661 cum
1107 3613 1181 3676 codd,

133 3701 197 3737 neve
207 3688 248 3736 Ba
258 3689 395 3738 HeineMu
399 3691 575 3756 postNonium
599 3695 610 3750 ΙΙ
635 3707 664 3755 31
677 3701 765 3758 parata
775 3695 806 3743 St
814 3709 870 3743 cum
880 3694 945 3743 codd.
976 3697 986 3752 ΙΙ
1018 3707 1047 3755 32
1060 3695 1184 3745 deinde-
1211 3736 1216 3747 .

129 3766 283 3827 parsimonia
294 3775 351 3831 post
363 3771 481 3833 praebeat
495 3770 612 3836 leguntur
623 3772 652 3821 in
666 3772 741 3835 codd,
754 3774 904 3839 lrartqoosuit
916 3775 957 3823 Ba
968 3780 1064 3822 emtore
1076 3775 1180 3839 Ungrro,

109 3844 243 3901 strabam
249 3846 338 3896 ffet'us
344 3847 391 3895 lu
399 3849 453 3897 Mu
