2580 4184
88 189 104 248 1
120 204 197 246 xxvr
213 182 267 268 90]
362 190 448 247 Vtrae
457 188 646 265 fortitmlinis⁴
664 191 740 249 ratio
760 197 877 249 externa
1102 209 1140 267 33

84 364 275 443 potissimum
294 366 489 443 gubemaret.’
530 368 678 445 Idemque
698 366 839 446 praecipit
860 377 893 428 ut
915 373 985 428 ‘eos
1006 369 1141 428 adversa-

84 466 145 527 rios
172 465 374 528 existimemus
401 468 453 545 qui
476 487 558 528 arma
582 470 808 541 contraierant,
834 487 896 528 non
923 487 975 528 eos
1003 466 1055 544 qui
1085 486 1141 528 suo

84 562 198 625 iudicio
216 565 291 625 tueri
308 585 372 626 rem
388 565 539 644 publicam
557 565 665 638 velint,’
696 564 792 642 qualis
813 563 867 624 fuit
883 563 959 624 inter
980 564 1012 624 P.
1030 562 1141 624 Africa·

84 681 159 721 num
173 673 204 722 et
218 663 256 737 Q.
273 664 430 723 Metellum
444 662 507 723 sine
522 662 680 723 acerbitate
694 660 847 722 dissensio.

110 782 299 835 assuererunt,
400 764 447 820 88.
491 762 557 820 Nec
584 779 654 820 vero
681 759 832 833 audiendi,
851 758 903 836 qui
929 759 1055 838 graviter
1087 759 1140 820 ini·
1168 785 1182 836 5

84 833 301 875 affableandcourte·
372 855 407 869 ..
439 855 445 869 ·
808 854 814 867 ·
1040 856 1045 868 .
1082 857 1088 868 .

84 884 301 934 mmmmm.
339 877 423 916 mrcrs
437 858 625 916 irascendum
638 857 786 933 putabunt
806 856 895 932 idque
909 876 1090 934 magnanimi
1108 869 1138 917 et

84 933 301 1034 fiffi‘ssffissnffigss
338 952 420 1033 sortis
446 952 500 1013 viri
528 973 592 1014 esse
620 953 805 1025 censebunt3
837 953 910 1013 nihil
937 953 1018 1014 enim
1040 955 1139 1014 lauda-

84 1034 302 1136 ffifflessffwd
337 1049 433 1123 bilius,
462 1049 536 1109 nihil
563 1069 671 1127 magno
698 1061 728 1110 et
755 1051 904 1126 praeclaro
931 1050 994 1111 viro
1022 1050 1139 1129 dignius

337 1148 537 1226 placabilitate
557 1159 646 1224 atque
667 1146 832 1207 clementia
886 1149 923 1206 In
950 1147 1049 1208 liberis
1069 1166 1139 1208 vero

85 1247 203 1324 populis
225 1258 255 1307 et
279 1245 310 1305 in
333 1245 401 1305 iuris
425 1244 633 1321 aequabilitate
657 1244 822 1304 exercenda
841 1243 931 1305 etiam
947 1255 992 1304 est
1016 1243 1139 1304 facilitas
1154 1272 1183 1306 ιο

84 1355 114 1403 et
141 1342 269 1403 altitudo
292 1341 393 1413 animi,
414 1360 489 1417 quae
517 1340 631 1414 dicitur,
654 1359 701 1413 ne,
723 1339 747 1399 si
775 1338 932 1399 irascamur
959 1351 1010 1400 aut
1036 1340 1140 1402 intem·

85 1439 198 1517 pestive
225 1438 437 1499 accedentibus
464 1447 515 1497 aut
541 1437 729 1514 impudenter
755 1437 933 1514 rogantibus,
962 1435 994 1496 in
1020 1437 1140 1498 morosi-

85 1543 177 1596 tatem
191 1534 326 1594 inutilem
340 1545 370 1594 et
384 1534 519 1594 odiosam
534 1533 706 1594 incidamus.
750 1535 789 1592 Et
808 1544 908 1593 tamen
927 1533 968 1592 ita
986 1534 1140 1610 probanda

85 1642 129 1692 est
156 1632 356 1691 mansuetudo
383 1642 473 1707 atque
500 1629 665 1703 clementia,
687 1640 720 1688 ut
747 1629 921 1690 adhibeatur
941 1630 983 1690 rei
1003 1631 1139 1708 publicae

85 1738 180 1788 c-ausa'
209 1727 357 1801 severitas,
393 1728 456 1787 sine
491 1746 550 1803 qua
584 1724 780 1786 administrari
807 1725 909 1786 civitas
937 1746 998 1786 non
1032 1739 1137 1804 potest.
1155 1745 1181 1793 15

87 1823 194 1885 Omnis
212 1835 313 1884 autem
329 1835 359 1884 et
377 1822 592 1902 animadversio
611 1834 642 1883 et
658 1821 810 1900 castigatio
832 1823 1013 1883 contumelia
1035 1843 1137 1884 vacare

85 1921 175 1981 debet
196 1938 295 1997 neque
316 1919 442 1993 adeius,
461 1919 513 1995 qui
529 1918 650 1996 punitur
667 1918 797 1995 aliquem
816 1931 867 1979 aut
888 1919 984 1981 verbis
1008 1920 1136 1998 castigat,

85 2018 139 2077 sed
167 2017 208 2076 ad
231 2015 274 2076 rei
297 2016 433 2094 publicae
458 2016 613 2076 utilitatem
632 2014 737 2076 referri
802 2018 848 2091 89.
893 2017 1068 2076 Cavendum
1095 2033 1139 2076 est

85 2112 175 2173 etiam
196 2132 235 2172 ne
256 2113 350 2173 maior
370 2132 468 2189 poena
485 2132 575 2189 quam
594 2114 682 2189 culpa
698 2112 735 2172 sit
754 2121 784 2173 et
803 2132 841 2172 ne
862 2111 958 2172 isdem
983 2113 1021 2173 de
1043 2113 1137 2172 causis

84 2210 133 2270 alii
146 2212 320 2288 plectantur,
336 2210 385 2268 alii
399 2229 437 2270 ne
456 2211 640 2286 appellentur
656 2208 785 2286 quidem.
830 2208 1019 2269 Prohibenda
1039 2220 1137 2269 autem
1152 2230 1183 2264 20

85 2307 212 2368 maxime
245 2317 290 2368 est
324 2307 366 2366 ira
398 2306 429 2366 in
456 2307 608 2384 puniendo
619 2326 627 2379 ;
661 2325 824 2382 numquam
852 2305 942 2378 enim,
964 2305 1052 2365 iratus
1087 2307 1138 2382 qui

85 2405 208 2465 accedet
236 2405 276 2463 ad
302 2423 439 2482 poenam,
469 2403 703 2464 mediocritatem
730 2403 811 2462 illam
839 2401 960 2475 tenebit,
989 2422 1065 2479 quae
1093 2413 1138 2462 est

85 2499 161 2561 inter
189 2499 315 2560 nimium
343 2511 373 2560 et
400 2519 513 2576 parum,
543 2519 619 2576 quae
646 2501 744 2578 placet
773 2498 975 2576 Peripateticis
1002 2511 1032 2561 et
1059 2511 1138 2560 recte

85 2599 191 2674 placet,
220 2598 312 2656 modo
340 2616 378 2656 ne
405 2597 560 2656 laudarent
580 2595 762 2655 iracundiam
782 2607 812 2656 et
833 2596 965 2655 dicerent
985 2594 1094 2656 utiliter
1120 2615 1138 2654 a

86 2704 191 2753 natura
218 2692 326 2751 datam.
370 2694 426 2751 illa
453 2710 522 2752 vero
551 2691 688 2751 omnibus
715 2691 746 2750 in
774 2692 862 2752 rebus
889 2691 1073 2770 repudianda
1093 2703 1137 2751 est
1152 2711 1180 2759 ²5

86 2789 318 2866 optandumque,
346 2798 378 2847 ut
405 2787 434 2860 ii,
454 2787 504 2864 qui
532 2798 670 2865 praesunt
691 2787 732 2848 rei
753 2787 897 2864 publicae,
909 2790 1007 2865 legum
1028 2787 1137 2846 similes

86 2885 152 2958 sint,
176 2902 253 2961 quae
280 2885 320 2943 ad
347 2884 532 2960 puniendum
560 2903 621 2944 non
648 2883 800 2943 iracundia
828 2885 882 2944 sed
909 2883 1057 2961 aequitate
1086 2884 1138 2942 du·

86 2994 200 3042 cuntur.
225 2996 230 3007 ¹

10 3096 93 3153 xm¹
111 3093 301 3152 sonituaejsseen
401 3097 447 3152 90.
490 3080 590 3153 Atque
610 3077 699 3138 etiam
721 3077 752 3136 in
773 3078 858 3139 rebus
879 3075 1025 3154 prosperis
1044 3088 1074 3137 et
1098 3077 1137 3135 ad

87 3144 301 3253 issssffffleffiynii
339 3170 521 3250 voluntatem
536 3181 666 3229 nostram
679 3170 838 3231 fluentibus
852 3169 1019 3246 superbiam
1030 3189 1136 3246 magno
1152 3186 1183 3233 30

87 3254 171 3296 ΜΨ·
339 3286 436 3345 opere,
447 3266 598 3328 sa'stidium
608 3268 863 3346 arrogantiamque
873 3267 1025 3345 fugiamus.
1058 3268 1137 3324 Nam

87 3374 120 3424 ut
140 3364 276 3423 adversas
304 3383 358 3436 res,
380 3364 423 3424 sic
450 3368 594 3427 secundas
622 3366 804 3425 inmoderate
832 3367 905 3426 serre
932 3362 1057 3425 levitatis
1083 3373 1136 3435 est,

88 3461 294 3536 praeclaraque
321 3470 366 3520 est
393 3463 584 3539 aequabilitas
612 3461 643 3521 in
670 3460 752 3520 omni
778 3460 839 3521 vita
866 3472 895 3522 et
923 3460 1003 3520 idem
1023 3477 1138 3535 semper

113 3587 222 3630 hm,
231 3589 256 3629 ,s
264 3600 302 3631 so·
339 3560 437 3619 vultus
458 3561 622 3635 eademque
644 3560 732 3630 srons,
755 3567 788 3617 ut
809 3559 847 3617 de
868 3559 986 3616 Socrate
1006 3553 1137 3630 itemque

89 3648 182 3688 cuntes,
207 3652 300 3690 malus,

91 3699 165 3738 *suu
189 3691 213 3732 ,f
228 3691 302 3732 ΜΨ.
340 3656 379 3716 de
406 3657 441 3716 C.
464 3655 565 3716 Laelio
593 3653 769 3732 accepimus.
823 3653 992 3729 Philippum
1016 3650 1181 3728 quidemst

90 3739 137 3780 ‘¹⁰¹¹'
341 3752 543 3812 Macedonum
570 3770 669 3830 regem
695 3751 782 3813 rebus
811 3749 900 3832 gestis
926 3760 959 3812 et
977 3748 1074 3830 gloria
1096 3767 1145 3808 su·

179 3877 210 3910 11
218 3862 324 3910 altitudo
331 3863 376 3911 Ba
382 3863 466 3914 fletae
471 3864 516 3914 Lu
525 3853 585 3916 rum
594 3867 673 3931 coda,
687 3867 808 3923 lenitudo
822 3869 862 3923 Or
872 3885 932 3922 cum
943 3885 997 3922 uno
1009 3868 1091 3920 codo

142 3967 196 4007 cic,
212 3956 251 4008 a?
264 3955 328 4026 Ost
1080 3993 1103 4052 3
