2580 4184
113 211 226 272 vam
241 205 293 291 61]
333 211 384 270 De
400 209 483 270 tertio
501 209 586 286 officii
594 208 679 285 fonte
695 208 756 270 sive
773 209 954 269 bbrtitudr'ne
1128 227 1164 285 23

363 379 501 457 occupati
522 391 553 441 et
573 391 643 440 sunt
669 390 700 440 et
721 381 846 440 fuerunt.
890 382 937 457 58.
973 379 1033 441 Sed
1051 377 1077 439 si
1096 397 1168 440 con·

111 438 330 534 nibmaiimcbii'·
364 474 458 536 tentio
478 475 626 553 quaedam
646 486 677 536 et
696 473 878 552 comparatio
898 476 957 547 fiat,
973 473 1081 551 quibus
1101 473 1167 552 plu-

111 539 173 584 m
363 571 472 632 rirnum
505 571 696 632 tribuendum
730 571 768 632 sit
798 569 895 646 officii,
924 569 1072 648 principes
1106 569 1165 631 sint

111 665 208 746 patria
226 678 256 729 et
272 680 417 746 parentes,
439 685 566 744 quorum
584 667 736 728 beneficiis
754 666 891 727 maximis
911 665 1031 744 obligati
1052 660 1163 742 sumus,

111 763 240 843 proximi
257 764 341 826 liberi
354 776 477 842 totaque
491 765 609 838 domus,
623 784 701 842 quae
715 775 828 842 spectat
848 763 879 824 in
896 783 951 824 nos
967 765 1047 824 solos
1067 784 1165 842 neque
1195 783 1208 832 ,κ

111 861 195 922 aliud
214 861 310 922 ullum
329 873 427 939 potest
449 861 558 923 habere
577 861 754 941 perfugium,
769 860 911 938 deinceps
931 860 1008 922 bene
1028 861 1166 922 conveni·

111 971 197 1020 entes
210 957 377 1038 propinqui,
388 958 566 1036 quibuscum
580 959 748 1020 communis
758 959 848 1020 etiam
862 962 979 1019 fortuna
991 959 1166 1037 plerumque

111 1066 165 1116 est.
209 1056 310 1131 Quam
337 1056 377 1117 ob
404 1074 468 1117 rem
496 1054 660 1116 necessaria
686 1055 832 1134 praesidia
859 1055 937 1115 vitae
961 1056 1107 1116 debentur
1130 1056 1165 1117 iis

111 1151 242 1214 maxime
261 1172 338 1231 quos
356 1164 425 1214 ante
444 1152 514 1226 dixi,
532 1152 592 1213 vita
609 1163 710 1214 autern
726 1151 880 1229 victusque
901 1151 1077 1226 communis,
1094 1172 1165 1213 con·

112 1249 179 1311 silia
205 1269 367 1324 sermones,
395 1249 614 1312 cohortationes
642 1248 870 1322 consolationes,
899 1247 1047 1308 interdum
1075 1247 1164 1309 etiam
1180 1274 1208 1308 10

112 1347 333 1426 obiurgationes
352 1346 384 1409 in
404 1347 540 1408 amicitiis
560 1346 660 1426 vigent
681 1346 817 1420 maxime,
837 1357 941 1423 estque
962 1365 998 1406 ea
1017 1345 1165 1406 iucundis·

112 1441 189 1502 sima
202 1441 334 1503 amicitia
346 1461 437 1520 quam
450 1441 613 1504 similitudo
627 1461 744 1502 momm
758 1440 934 1519 coniugavit.

9 1564 99 1615 <vm
424 1558 472 1618 59.
515 1541 575 1601 Sed
595 1539 626 1599 in
646 1539 692 1600 his
713 1538 852 1600 omnibus
876 1535 978 1598 officiis
999 1533 1163 1596 tribuendis

138 1649 327 1712 uxoepuongrcn.
364 1636 528 1698 videndum
546 1635 609 1709 erit,
625 1637 698 1713 quid
715 1635 824 1714 cuique
845 1633 973 1694 maxime
992 1651 1113 1692 necesse
1126 1632 1164 1692 sit

111 1713 247 1794 ωαὲῗῖἳῗὲ
254 1703 329 1792 dub?
365 1744 395 1793 et
416 1732 490 1810 quid
510 1731 636 1809 quisque
655 1733 703 1792 vel
723 1730 786 1792 sine
807 1731 893 1792 nobis
913 1743 964 1792 aut
984 1732 1078 1810 possit
1095 1752 1206 1803 con-15

112 1801 329 1894 libye-diffidi&
365 1829 450 1905 sequi
476 1840 528 1890 aut
555 1849 617 1889 non
643 1827 744 1906 possit.
800 1830 849 1888 Ita
871 1846 933 1888 non
954 1827 1044 1888 iidem
1078 1840 1163 1889 erunt

112 1903 233 1995 33wa
275 1902 326 1944 ‘¹²²⁰
365 1924 617 1986 necessitudinum
636 1926 744 2003 gradus
764 1923 816 2001 qui
837 1935 1013 2011 tempqrum,
1035 1937 1163 2003 suntque

363 2019 460 2081 officia
487 2041 563 2098 quae
590 2021 653 2080 aliis
678 2019 770 2098 magis
792 2039 882 2097 quam
903 2019 967 2080 aliis
991 2021 1162 2095 debeantur,

112 2129 146 2180 ut
159 2116 291 2178 vicinum
309 2114 396 2176 citius
412 2116 560 2177 adiuveris
578 2116 610 2179 in
628 2116 770 2177 fructibus
786 2114 982 2192 percipiendis
1001 2136 1092 2193 quam
1112 2128 1163 2176 aut

112 2216 231 2274 fratrem
252 2222 304 2270 aut
326 2209 518 2285 familiarem3
544 2222 582 2282 at,
598 2210 623 2271 si
646 2211 682 2270 lis
706 2210 737 2270 in
760 2209 871 2270 iudicio
895 2210 941 2284 sit,
963 2211 1162 2289 propinquum
1176 2239 1207 2273 20

112 2309 212 2387 potius
236 2320 267 2369 et
286 2306 416 2367 amicum
436 2327 527 2385 quam
546 2308 677 2368 vicinum
698 2307 873 2369 defenderis
916 2311 1003 2368 Haec
1023 2308 1110 2386 igitur
1132 2321 1163 2370 et

112 2404 183 2465 talia
195 2402 461 2480 circumspicienda
475 2415 543 2464 sunt
557 2404 588 2463 in
606 2403 688 2465 omni
708 2403 807 2465 officio
814 2400 857 2482 [et
877 2406 1064 2465 consuetudo
1083 2424 1163 2465 exer·

111 2499 274 2577 citatioque
300 2494 466 2578 capienda],
482 2513 516 2562 ut
542 2501 614 2562 boni
647 2501 868 2561 ratiocinatores
902 2500 1065 2575 officiorum
1096 2520 1161 2562 esse

112 2597 262 2675 possimus
295 2608 326 2657 et
359 2599 501 2660 addendo
535 2599 774 2675 deducendoque
807 2597 917 2670 videre,
945 2618 1022 2675 quae
1056 2598 1161 2677 reliqui

112 2718 230 2759 summa
262 2699 322 2771 fiat,
357 2716 396 2758 ex
428 2718 489 2775 quo
523 2711 668 2776 quantum
695 2698 803 2775 cuique
831 2699 973 2759 debeatur
999 2696 1159 2774 intellegas.
1175 2720 1204 2770 ²⁵

113 2801 161 2859 60.
197 2796 266 2869 Sed,
281 2805 314 2854 ut
328 2814 384 2855 nec
398 2795 507 2856 medici
521 2817 577 2858 nec
597 2796 787 2874 imperatores
804 2816 860 2856 nec
874 2807 1011 2869 oratores,
1027 2794 1161 2872 quamvis

129 2938 325 2992 Ruffligffisybu,
362 2895 431 2956 artis
457 2907 613 2974 praecepta
640 2895 831 2973 perceperint,
861 2894 1020 2973 quicquam
1053 2913 1161 2971 magna

111 2991 179 3083 {³232
196 2992 325 3083 breem]
360 2996 450 3056 laude
464 2995 587 3073 dignum
600 2995 664 3055 sine
678 3015 734 3054 usu
751 3005 781 3055 et
794 2993 1003 3055 exercitatione
1017 2991 1160 3069 consequi

110 3073 186 3184 22⁰3
211 3091 239 3142 ΒΥ
263 3103 324 3144 ⁹³²⁰·
362 3104 494 3170 possunt,
516 3092 559 3153 sic
580 3091 669 3152 officii
696 3090 892 3153 conservandi
919 3101 1076 3170 praecepta
1103 3101 1158 3151 tra·

359 3191 469 3250 duntur
495 3187 546 3247 illa
571 3186 703 3263 quidem,
731 3198 766 3248 ut
793 3187 916 3247 facimus
944 3185 1008 3264 ipsi,
1036 3187 1091 3246 sed
1117 3185 1160 3246 rei
1173 3208 1205 3257 30

110 3283 285 3363 magnitudo
299 3303 386 3344 usum
405 3302 524 3360 quoque
542 3282 843 3360 exercitationemque
861 3282 1017 3344 desiderat
1058 3284 1159 3358 Atque

109 3383 149 3444 ab
168 3381 205 3443 iis
224 3382 322 3454 rebus,
343 3400 420 3459 quae
440 3391 509 3441 sunt
529 3379 560 3440 in
579 3379 642 3441 iure
662 3378 811 3441 societatis
831 3381 988 3452 humanae,
1009 3397 1099 3456 quem
1119 3379 1160 3440 ad

109 3480 236 3540 modum
257 3478 382 3538 ducatur
401 3477 568 3551 honestum,
591 3495 629 3537 ex
649 3496 710 3553 quo
735 3488 837 3554 aptum
859 3488 912 3541 est.
926 3474 1065 3550 officium,
1088 3475 1158 3536 satis

109 3578 171 3636 iere
185 3573 323 3635 diximus.

108 3665 326 3761 ffibfflm*
423 3673 469 3731 61.
512 3669 749 3749 Intellegendum
773 3684 873 3735 autern
888 3685 942 3745 est,
962 3689 1032 3731 curn
1053 3689 1158 3750 propo·
1171 3691 1200 3742 35

158 3825 189 3864 aa
206 3819 232 3861 et
249 3807 401 3859 consuetudo
416 3806 605 3873 exercitatioque
621 3806 744 3875 capienda
761 3815 791 3861 ut
806 3808 895 3878 spuria
912 3809 983 3864 uncis
999 3797 1102 3863 inclusit
1122 3811 1175 3864 Ba.

99 3885 588 3950 pastsamaammpmbanteldusllero
