2580 4184
107 215 183 275 lxx
199 211 251 296 66]
378 215 531 290 'Exceptio
549 214 584 273 de
591 213 678 290 falsa
693 209 879 285 sorrriudine'
1119 232 1155 294 25

122 407 254 468 namma
275 405 322 467 up
358 381 493 443 iustitiae.
536 383 583 456 64.
619 382 679 443 Sed
698 381 773 441 illud
793 380 931 442 odiosum
951 393 1005 456 est,
1020 384 1103 460 quod
1123 383 1155 444 in

105 458 322 600 ῗῃὲξᾞῑςῖςζυὲζῖιὲ
356 481 413 541 hac
426 480 553 542 elatione
567 490 597 541 et
611 479 814 557 magnitudine
824 478 915 556 animi
925 479 1061 541 facillime
1070 481 1156 558 perti·

104 559 262 650 fflffiss
269 560 320 650 {id
357 577 442 638 nacia
462 589 493 639 et
512 576 604 637 nimia
623 575 769 653 cupiditas
787 574 966 652 principatus
985 575 1153 637 innascitur.

104 658 320 759 fflss‘ssssssssffssk
357 676 401 736 Ut
429 674 510 734 enim
537 673 618 750 apud
645 674 801 732 Platonem
824 685 869 731 est
887 683 1020 732 ‘omnem
1041 692 1155 733 morem

104 759 311 811 ⁶⁶⁰d³⁰si¹¹³¹²⁸⁶⁰²
357 770 662 831 Lacedaemoniorum
676 769 891 829 inflammatum
908 787 973 828 esse
993 770 1154 848 cupiditate
1183 799 1197 846 5

103 864 260 942 vincendi,
270 866 321 941 sic,
339 878 372 928 ut
392 868 519 944 quisque
539 866 630 927 animi
650 865 854 944 magnitudine
875 885 1012 926 maxume
1032 869 1163 943 excellet,

103 960 145 1020 ita
161 981 301 1023 maxume
314 965 376 1023 vult
386 959 522 1041 princeps
534 962 668 1023 omnium
681 963 729 1022 vel
747 961 846 1038 potius
862 963 942 1021 solus
956 981 1028 1023 esse.
1072 964 1155 1024 Diffi·

102 1056 160 1116 cile
188 1068 289 1117 autem
316 1069 369 1132 est,
391 1078 461 1119 cum
487 1070 633 1136 praestare
654 1057 792 1119 omnibus
819 1057 1011 1135 concupieris,
1040 1078 1154 1121 servare
1208 1059 1214 1072 '

103 1153 292 1230 aequitatem,
314 1174 390 1232 quae
411 1167 456 1215 est
476 1154 603 1215 iustitiae
623 1173 762 1214 maxume
783 1153 906 1230 propria
960 1156 1006 1214 Ex
1032 1173 1093 1232 quo
1120 1156 1154 1217 fit

102 1261 136 1309 ut
158 1269 257 1327 neque
279 1250 492 1328 disceptatione
510 1250 589 1311 vinci
611 1270 643 1311 se
667 1269 723 1310 nec
744 1252 804 1310 ullo
828 1249 949 1326 publico
967 1269 1003 1310 ac
1021 1251 1197 1329 legitimum

102 1344 165 1406 iure
183 1345 340 1423 patiantur,
359 1347 560 1424 exsistuntque
575 1347 605 1406 in
623 1367 655 1407 re
673 1346 792 1423 publica
812 1347 985 1422 plerumque
1004 1346 1153 1424 largitores

101 1453 133 1502 et
154 1442 278 1517 factiosi,
306 1454 339 1502 ut
366 1463 439 1521 opes
466 1463 556 1520 quam
577 1462 729 1502 maxumas
750 1453 969 1518 consequantur
988 1453 1018 1503 et
1038 1443 1096 1502 sint
1123 1441 1153 1504 vi

101 1538 201 1614 potius
217 1538 381 1616 superiores
399 1559 490 1616 quarn
508 1538 622 1599 iustitia¹
635 1554 727 1616 pares.
770 1540 830 1598 Sed
849 1557 909 1614 quo
924 1537 1078 1613 difficilius,
1093 1541 1152 1600 hoc

101 1634 285 1711 praeclarius.
329 1637 453 1695 Nullum
480 1648 525 1697 est
552 1636 633 1697 enirn
660 1646 777 1711 tempus
804 1635 887 1711 quod
913 1633 1023 1694 iustitia
1049 1655 1152 1698 vacare

101 1732 217 1792 debeat
262 1735 309 1809 65.
343 1734 444 1793 Fortes
459 1732 546 1810 igitur
558 1744 588 1792 et
602 1730 783 1809 magnanimi
797 1742 865 1790 sunt
879 1731 1010 1791 habendi
1024 1751 1086 1792 non
1100 1732 1151 1810 qui
1167 1759 1194 1808 15

124 1865 183 1907 Tm,
206 1875 316 1918 mame„
353 1828 472 1903 faciunt,
488 1831 541 1889 sed
556 1828 607 1905 qui
628 1829 799 1905 propulsant
820 1826 965 1886 iniuriam.
1002 1830 1081 1889 Vera
1101 1847 1151 1887 au·

100 1917 315 2019 gssffisshilfffflss
352 1936 413 1986 tem
428 1937 457 1986 et
471 1925 587 2002 sapiens
601 1924 693 1984 animi
707 1924 881 2002 magnitudo
894 1926 1053 1985 honestum
1067 1925 1150 1999 illud,

100 2018 212 2060 ’ΝΜ
352 2023 434 2099 quod
447 2041 584 2082 maxume
598 2033 702 2081 natura
715 2020 853 2097 sequitur,
869 2020 900 2080 in
915 2020 998 2081 factis
1011 2021 1149 2099 positum,

101 2138 162 2179 non
189 2117 221 2178 in
248 2117 340 2195 gloria
366 2118 477 2179 iudicat
503 2118 726 2196 principemque
752 2137 785 2177 se
817 2136 881 2177 esse
915 2119 1026 2177 mavult
1060 2137 1150 2194 quam

100 2213 200 2275 videri
244 2214 364 2274 Etenim
388 2215 440 2292 qui
463 2235 500 2276 ex
524 2234 619 2276 errore
640 2213 791 2290 imperitae
810 2212 1006 2272 multitudinis
1028 2215 1147 2291 pendet,
1164 2240 1194 2275 ao

100 2302 150 2370 hic
176 2309 208 2370 in
235 2310 349 2388 magnis
368 2311 436 2371 viris
454 2331 515 2372 non
537 2323 581 2372 est
605 2310 768 2371 habendus.
812 2308 962 2369 Facillime
982 2321 1083 2370 autem
1110 2312 1150 2371 ad

68 2488 70 2492 Ι
100 2425 146 2467 res
167 2405 291 2467 iniustas
311 2407 467 2484 inpellitur,
489 2419 522 2468 ut
546 2406 671 2485 quisque
689 2404 832 2465 altissimo
850 2405 950 2465 animo
967 2417 1020 2477 est,
1040 2405 1149 2483 gloriae

100 2501 280 2580 cupiditate:
301 2502 352 2580 qui
365 2505 506 2565 locusest
520 2523 590 2563 sane
607 2501 744 2575 lubricus,
759 2502 842 2578 quod
859 2501 907 2561 vix
927 2500 1081 2574 invenitur,
1097 2500 1149 2576 qui

100 2599 253 2659 laboribus
278 2599 422 2677 susceptis
448 2599 644 2677 periculisque
672 2598 759 2658 aditis
787 2616 848 2657 non
876 2596 959 2673 quasi
980 2599 1148 2658 mercedem

99 2714 197 2756 rerum
211 2707 358 2773 gestarum
372 2696 518 2757 desideret
531 2696 661 2774 gloriam.
1161 2718 1191 2768 25
1232 2764 1245 2786 l

33 2821 84 2872 xx
124 2831 172 2872 Th,
193 2838 240 2872 ,me
265 2830 314 2872 ch„
412 2795 459 2852 66.
482 2790 707 2854 Omninofortis
721 2790 837 2851 animus
851 2802 881 2851 et
894 2810 1018 2869 magnus
1033 2791 1148 2852 duabus

98 2882 314 2924 ¹²⁰¹“i⁸¹⁵⁰⁸⁰f¹²⁰¹“
351 2889 438 2949 rebus
458 2889 584 2950 maxime
604 2868 740 2963 cernitur,
762 2908 887 2966 quarum
906 2908 967 2950 una
992 2887 1024 2948 in
1050 2907 1148 2949 rerum

98 2932 166 2974 titude
176 2946 212 2973 are
220 2945 252 2973 :-

97 2998 313 3098 osxbmeapprteffl
349 2997 533 3046 externarum
548 2985 740 3064 despicientia
753 2985 880 3062 ponitur,
892 3005 961 3044 cum
975 3004 1146 3062 persuasum

97 3098 141 3139 aud
154 3098 314 3172 „aestuandu-
349 3095 394 3144 est
421 3084 493 3144 nihil
515 3085 668 3146 hominem
693 3083 749 3143 nisi
771 3084 854 3161 quod
880 3084 1039 3144 honestum
1060 3084 1147 3143 deco

97 3161 310 3250 iffi-xxiiim
348 3195 473 3255 rumque
491 3179 528 3240 sit
546 3190 597 3240 aut
615 3178 752 3239 admirari
766 3190 816 3238 aut
831 3190 931 3255 optare
945 3189 996 3238 aut
1009 3189 1145 3254 expetere
1158 3197 1190 3247 30

97 3264 245 3356 ὡξῶωζξῑῑζξ
252 3278 312 3366 Εξξζζ
350 3288 492 3352 oportere,
505 3277 636 3353 nullique
651 3295 748 3352 neque
762 3271 876 3336 homini
890 3294 987 3352 neque
997 3275 1145 3352 perturba

97 3364 312 3466 ssffifflffgnffi‘lffgff
349 3371 423 3432 tioni
443 3373 534 3432 animi
555 3393 611 3434 nec
631 3375 765 3433 fortunae
793 3374 992 3433 succumbere.
1042 3373 1145 3431 Altera

97 3464 212 3557 dimit
222 3516 294 3560 '⁸0-
348 3481 392 3529 est
411 3490 466 3544 res,
484 3484 525 3544 ut,
543 3491 611 3530 cum
630 3470 671 3530 ita
689 3470 728 3530 sis
745 3473 866 3538 aflectus
885 3471 993 3538 animo,
1006 3480 1038 3529 ut
1056 3477 1144 3545 supr'a

152 3575 190 3607 ⁶¹¹·
201 3576 257 3606 ¹¹V¹
336 3567 416 3641 dixi,
431 3588 476 3628 res
494 3587 576 3645 geras
595 3555 715 3645 magnas
733 3567 796 3627 illas
817 3567 938 3643 quidem
957 3579 987 3627 et
1004 3584 1143 3626 maxume

147 3809 163 3855 6
173 3807 276 3855 excellet
282 3821 341 3852 cum
348 3807 442 3871 antiqq.
452 3808 516 3860 codd.
528 3809 675 3876 lkusabger
683 3810 716 3862 St
726 3811 818 3876 Heine,
831 3814 935 3869 excellit
946 3818 1024 3888 vulgo
1034 3824 1051 3880 l
1063 3822 1099 3873 ab
1106 3837 1166 3890 per·

83 3896 181 3932 sumum
192 3894 230 3930 ear
237 3883 493 3954 Madzzgvdefinny.
500 3890 564 3957 '⁴4⁸2
576 3895 620 3946 Ba
630 3897 719 3950 Heme
728 3901 800 3964 Mu,·
813 3918 972 3972 persuasum
981 3906 1019 3960 sit
1034 3908 1073 3961 Ot
