2580 4184
360 223 514 284 NOTES
552 224 640 281 Boon
658 224 690 281 ΙΙ
712 239 787 281 cvu
808 221 873 298 525
1088 223 1144 296 267

985 321 992 330 ri

990 333 1143 342 *ι-

96 392 216 454 Syracuse
227 391 290 439 irom
302 403 356 440 nc.
369 390 418 452 406
429 399 455 440 to
467 404 489 441 a.
497 403 522 440 e.
536 389 590 454 367.
626 391 681 439 The
692 405 759 439 same
771 390 891 438 anecdote
903 389 985 438 which
995 389 1016 438 is
1027 388 1146 439 recorded

96 456 158 505 here
166 455 187 504 is
202 457 255 504 also
270 456 344 519 given
359 455 386 504 in
402 457 476 505 Tusc.
495 468 515 504 v
531 459 543 515 5
561 457 599 517 58,
615 456 664 503 and
684 455 704 503 is
721 455 775 502 told
790 455 824 517 by
838 454 952 503 Valerius
971 453 1097 503 Maximus
1114 465 1145 503 1x

97 536 134 583 13,
146 539 162 581 4
173 519 234 568 with
245 537 260 568 a
272 520 335 568 little
347 518 454 583 variety:
470 521 597 568 summotis
607 519 694 567 amicis
706 519 734 566 in
749 535 831 567 eorum
847 519 925 567 locum
933 518 1146 582 ferocissimarum

91 585 203 648 gentium
214 586 324 633 homines
341 593 364 633 et
379 601 396 632 a
402 585 518 649 familiis
532 584 689 648 locupletium
704 583 947 646 electosproeualidos
956 598 1042 641 servos,
1056 583 1146 647 quibus

95 652 172 698 latera
183 666 230 698 sua
240 650 401 709 committeret,
415 649 547 699 substituit.
573 657 698 697 tonsorum
713 664 806 711 quoque
821 655 885 696 metu
897 649 995 697 tondere
1002 648 1078 712 filias
1087 663 1146 696 secas

94 714 183 762 docuit.
208 729 318 778 quarum
326 715 446 777 ipsarum,
451 721 582 778 postquam
591 713 690 761 adultae
696 713 774 760 aetati
781 713 1019 776 adpropinquabant,
1030 713 1147 761 manibus

87 779 191 843 serrum
208 796 257 826 reon
273 795 352 827 ausus
368 781 523 835 committere,
539 778 650 826 instituit
665 784 695 825 ut
707 778 866 826 candentium
880 777 1038 840 iuglandium
1053 792 1145 825 nucum

89 844 266 907 putaminibus
283 844 382 892 barbam
400 844 449 892 sibi
464 851 487 892 et
502 843 621 907 capillum
639 842 780 890 adurerent.
814 858 856 890 nec
869 842 1012 891 securiorem
1024 842 1145 891 maritum

94 909 143 968 <eit
163 925 239 971 quam
259 916 364 970 patrem.
397 909 508 956 decorum
526 907 592 955 enim
612 907 689 955 eodem
707 907 1012 970 tempore...matrimorsiis
1034 907 1146 969 illigatus

95 973 207 1020 neutrius
218 989 338 1035 umquam
354 972 407 1020 nisi
423 988 535 1022 excussae
550 971 701 1034 complexum
713 973 783 1035 petit,
801 979 874 1035 atque
890 970 963 1019 etiam
980 971 1145 1019 cubicularem

94 1039 181 1085 lectum
187 1038 291 1102 perinde
301 1037 375 1101 quasi
388 1045 469 1085 castra
484 1039 537 1084 lata
548 1036 617 1100 sbssa
631 1036 718 1092 cinxit,
735 1036 764 1084 in
779 1051 850 1099 queen
867 1051 891 1084 se
907 1036 987 1098 ligneo
994 1042 1070 1099 ponte
1087 1036 1144 1084 reci·

92 1102 181 1165 piebat,
205 1118 261 1150 cum
274 1103 359 1164 sorem
381 1102 488 1150 cubiculi
507 1102 655 1149 extrinsecus
673 1116 689 1148 a
708 1101 845 1149 custodibus
865 1107 980 1163 opertam,
1003 1100 1145 1149 interiorem

94 1168 200 1215 claustro
212 1167 262 1230 epse
277 1167 409 1228 diligenter
422 1167 556 1215 obserasset.
591 1166 702 1214 Observe
717 1165 771 1214 that
786 1165 813 1213 in
830 1165 873 1214 the
884 1165 986 1229 phrases
997 1164 1061 1228 quid
1068 1180 1146 1213 anses

97 1234 235 1289 (censemus,
246 1232 363 1289 censetis),
381 1231 446 1294 quid
458 1231 620 1287 arbitramur,
638 1232 711 1279 when
728 1231 832 1278 another
849 1230 931 1278 clause
946 1230 1057 1293 depends
1072 1230 1143 1285 enit,

94 1296 158 1358 quid
166 1297 234 1344 osten
245 1311 326 1344 serves
339 1295 431 1359 merely
445 1303 471 1344 to
487 1295 616 1344 introduce
631 1295 673 1344 the
686 1295 880 1357 interrogation;
893 1310 932 1358 cp.
945 1295 977 1343 de
988 1301 1050 1342 orat.
1066 1295 1101 1352 15
1115 1308 1145 1359 79

95 1360 170 1423 quid
183 1376 288 1417 censes,
305 1360 329 1408 si
342 1361 378 1408 ad
389 1361 494 1409 alieuius
512 1360 643 1422 ingenium
659 1361 700 1408 vel
708 1367 761 1423 par
775 1361 815 1407 vel
828 1360 910 1407 maius
926 1360 971 1407 illa
986 1365 1141 1417 accesserunt,

95 1425 210 1487 qualem
225 1424 449 1473 illum—oratorem
457 1426 579 1486 futurum
588 1425 600 1474 l
610 1441 656 1488 pro
669 1425 743 1473 Rosc.
757 1424 816 1472 Am.
829 1425 841 1482 5
852 1440 883 1490 49
894 1423 958 1487 quid
971 1439 1064 1472 censes
1077 1424 1145 1471 betete

96 1490 176 1551 ipsum
184 1491 210 1537 S.
225 1490 344 1549 Roscium,
360 1506 406 1553 quo
416 1490 496 1538 studio
507 1506 554 1539 esse
564 1490 593 1538 in
605 1489 704 1538 rusticis
715 1489 784 1538 rebus
792 1489 868 1538 t-de
879 1490 927 1552 leg.
939 1504 990 1552 agr.
1003 1501 1024 1537 11
1036 1491 1049 1548 5
1060 1503 1100 1550 45,
1112 1489 1145 1536 de

95 1563 146 1602 nat.
158 1556 227 1602 deor.
241 1566 250 1601 1
262 1557 275 1613 5
287 1555 326 1613 82,
341 1555 431 1618 Zumpt
443 1555 488 1604 Gr.
500 1556 513 1613 5
527 1553 581 1617 769.
608 1554 655 1617 Cp.
668 1554 699 1603 de
710 1553 761 1601 div.
775 1566 796 1602 11
808 1556 822 1613 5
834 1568 863 1615 ²3
875 1553 940 1618 quid
947 1569 1003 1602 vero
1017 1554 1144 1603 Caesarem

89 1618 252 1681 putamus?
268 1635 297 1667 or
309 1635 354 1683 pro
370 1619 463 1669 Scauro
474 1621 487 1678 5
499 1633 529 1680 43
541 1634 617 1683 quam
630 1618 701 1666 valde
711 1626 918 1682 eamputomus
928 1618 1062 1668 coacuissel

141 1701 159 1746 t
174 1703 212 1745 15.
245 1699 431 1758 Alexandrum]
465 1698 639 1748 Alexander
654 1705 736 1760 tyrant
753 1696 781 1746 of
796 1698 890 1746 Pherae
906 1697 932 1745 in
943 1696 1071 1759 Thessaly,
1087 1696 1144 1746 who

94 1763 201 1811 married
215 1763 302 1812 Thebe
314 1763 435 1826 daughter
448 1762 477 1811 oi
489 1763 528 1811 his
543 1763 611 1811 elder
624 1763 725 1811 brother
735 1763 813 1826 Jason
827 1760 846 1826 (1
859 1765 872 1821 5
886 1760 940 1825 108)
954 1763 1035 1811 whom
1047 1761 1079 1810 he
1090 1777 1143 1811 suc·

94 1829 195 1876 ceeded.
229 1828 272 1876 He
288 1843 337 1875 was
355 1828 487 1876 murdered
506 1828 540 1890 by
557 1827 596 1876 his
617 1827 672 1876 wile
689 1827 748 1875 with
763 1828 805 1876 the
820 1827 952 1876 assistance
970 1827 999 1875 oi
1013 1826 1057 1875 her
1074 1827 1143 1876 three

93 1893 215 1940 brothers.
249 1892 304 1940 The
320 1893 412 1940 motive
426 1892 540 1956 assigned
554 1892 587 1954 by
603 1892 720 1940 Plutarch
735 1908 785 1940 was
800 1899 844 1940 not
858 1890 976 1954 jealousy,
993 1891 1038 1939 but
1053 1890 1104 1939 sear
1118 1890 1147 1939 oi

94 1957 138 2004 her
150 1957 264 2005 husband
275 1957 325 2004 and
338 1957 425 2005 hatred
437 1956 466 2004 oi
479 1957 517 2005 his
532 1956 599 2005 cruel
616 1957 751 2004 character.
795 1955 858 2003 Xen.
876 1955 943 2003 Hell.
959 1967 989 2002 vt
1002 1974 1024 2015 4,
1041 1969 1069 2034 i⁵
1083 1957 1142 2002 dra·

95 2023 189 2079 bubones
208 2024 346 2081 αὐτοχειρίᾳ
363 2024 405 2078 μὲν
424 2021 470 2069 ὑπὸ
487 2023 534 2067 τῶν
550 2024 592 2079 τῆς
609 2023 719 2080 γυναικὸς
737 2019 855 2080 ἀδελφῶν,
875 2016 952 2082 βουλῇ
973 2020 998 2067 δὲ
1014 2020 1045 2066 br
1071 2020 1143 2079 αὐτῆς

94 2088 181 2144 ἐκείνης
194 2083 236 2148 (ab
250 2102 281 2134 ea
297 2084 381 2150 ipsa),
397 2086 473 2134 Diod.
489 2085 538 2135 Sic.
555 2084 591 2144 16,
609 2101 646 2146 14.

141 2178 159 2223 1.
174 2181 212 2224 ld.
245 2179 277 2224 ut
288 2179 417 2234 renerum
427 2175 552 2236 legimus]
575 2176 606 2224 de
617 2182 667 2224 nat.
680 2175 747 2224 deor.
758 2186 779 2223 11
791 2176 804 2234 5
818 2191 863 2235 124
874 2175 923 2238 legii
931 2175 1005 2222 etiam
1014 2176 1140 2238 scriptum.
1201 2210 1205 2216 .

141 2269 200 2304 oum
216 2255 350 2314 diligeret]
385 2256 519 2320 ‘although
529 2255 562 2304 he
574 2252 665 2304 loved.'
706 2255 837 2320 RobyGr.
851 2266 872 2303 11
891 2268 959 2318 1730,
975 2256 1003 2303 P.
1016 2255 1042 2306 S.
1058 2255 1101 2304 Gr.
1115 2271 1141 2320 p.

93 2320 148 2384 480,
163 2337 189 2384 p.
202 2322 257 2382 482,
273 2320 378 2384 Madvig
390 2321 434 2383 Gr.
448 2323 460 2379 5
473 2322 520 2382 358
531 2321 577 2370 obs.
591 2337 614 2384 3.

140 2406 158 2450 1.
179 2407 215 2451 18.
251 2402 369 2461 veniens]
388 2403 569 2468 19uentitans,
584 2402 657 2451 Tuse.
672 2414 690 2450 v
701 2403 713 2462 5
726 2415 763 2466 59.

141 2497 168 2541 et
184 2503 244 2540 oum
260 2494 366 2548 quaem
382 2496 566 2550 compunctum
582 2495 654 2541 notis
672 2490 799 2552 rusam]
819 2491 884 2540 ‘and
901 2490 955 2541 him
971 2497 1014 2541 too
1030 2491 1142 2541 tattooed

92 2557 143 2605 like
162 2574 177 2605 a
199 2555 363 2605 Thracian’
385 2558 492 2617 (Herod.
511 2569 530 2605 v
548 2556 563 2605 6
582 2559 621 2605 rol
639 2559 667 2605 rb
689 2559 731 2614 μὲν
753 2550 891 2616 ἐστίχθαι
914 2558 1006 2617 εὐγενὲς
1027 2560 1141 2618 κέκριται,

92 2625 120 2668 τὸ
133 2623 158 2669 δὲ
168 2619 283 2670 ἄστικτον
300 2620 400 2684 ipsuis).
434 2622 496 2670 This
513 2621 535 2669 is
546 2622 626 2670 stated
639 2629 665 2670 to
676 2622 732 2685 give
746 2621 883 2670 additional
895 2623 980 2670 colour
997 2629 1023 2670 to
1035 2623 1077 2670 the
1092 2623 1141 2670 iact

92 2687 121 2734 oi
129 2687 167 2734 his
179 2687 284 2749 trusting
295 2702 310 2734 a
321 2694 357 2735 set
370 2686 398 2734 oi
408 2687 553 2735 barbarians
566 2701 634 2735 more
646 2687 705 2735 than
718 2687 756 2735 his
767 2702 823 2734 own
841 2686 904 2734 wile.
938 2688 994 2735 The
1005 2687 1141 2736 Thracians

93 2767 156 2799 were
167 2751 298 2815 employed
313 2766 340 2798 as
351 2767 366 2799 a
377 2752 452 2800 select
463 2752 541 2814 guard
557 2751 589 2814 by
600 2767 668 2799 some
680 2751 709 2800 oi
719 2751 760 2799 the
777 2751 858 2800 Greek
871 2753 986 2811 τύραννοι,
999 2750 1049 2813 just
1060 2768 1087 2800 as
1099 2753 1141 2800 the

93 2816 168 2864 Swiss
183 2832 224 2864 are
236 2824 262 2863 to
274 2815 322 2864 this
337 2816 385 2878 day
397 2816 527 2879 employed
543 2815 570 2864 in
586 2816 688 2864 France.
721 2817 776 2864 The
787 2816 926 2865 Atheniens
938 2817 1068 2880 employed
1082 2817 1140 2880 Scy·

92 2880 174 2928 thians
186 2880 211 2928 in
224 2880 277 2928 that
289 2881 409 2943 capacity.

138 2963 158 3007 1.
177 2965 214 3009 19.
251 2964 518 3020 praemiseras-qut
534 2961 726 3021 scrutarentur]
747 2961 820 3009 ‘used
837 2968 864 3010 to
879 2962 939 3010 send
957 2961 983 3011 in
998 2962 1142 3011 advance-

95 3040 196 3137 persons
207 3034 233 3074 to
244 3029 330 3076 search
340 3031 389 3077 ancl
401 3046 442 3079 see
454 3032 564 3080 whether
575 3033 643 3080 there
655 3047 718 3079 were
730 3040 773 3078 not
786 3047 854 3080 some
867 3047 970 3096 weapon
986 3028 1137 3079 concealed.'

96 3122 103 3136 .
115 3106 143 3137 ee
154 3106 174 3137 s.
187 3106 211 3137 n.

144 3172 161 3216 1.
181 3174 218 3217 22.
256 3171 432 3231 mimarum]
457 3172 602 3232 στιγματίαι
621 3171 694 3231 (from
715 3171 795 3233 στίζω,
826 3172 867 3220 ‘to
889 3169 1027 3235 puncture,'
1044 3171 1146 3219 whence

97 3235 393 3348 gylygptgajgyirarlclampde
404 3236 437 3299 by
448 3235 615 3300 puncturing,'
626 3252 665 3301 ep.
679 3236 711 3284 ad
723 3235 780 3284 Gal.
793 3247 822 3284 vt
837 3237 875 3298 17)
887 3251 972 3286 means
983 3252 999 3285 a
1013 3234 1145 3285 ‘branded'

144 3384 276 3439 miserum,
291 3380 488 3442 qut-putares]
504 3382 586 3430 causal
599 3379 660 3444 subj.

143 3463 160 3508 1.
176 3466 213 3508 23.
248 3473 296 3510 neo
307 3474 367 3509 eum
377 3461 483 3521 rorensi]
503 3463 560 3510 ‘nor
572 3478 621 3510 was
633 3463 664 3509 he
675 3460 798 3509 mistalren
810 3457 817 3484 ’
849 3461 968 3510 Fallere
978 3459 999 3509 is
1013 3460 1072 3508 here
1083 3460 1143 3508 used

96 3524 271 3589 impersonally
283 3542 309 3574 as
321 3542 366 3590 pro
377 3526 440 3576 Sest.
456 3527 468 3584 5
483 3524 526 3575 106
538 3542 613 3582 nunc,
625 3526 678 3574 nisi
688 3526 827 3588 mefallit,
843 3527 871 3574 in
883 3543 907 3575 eo
917 3533 992 3585 statu,
1002 3525 1091 3573 civitas
1101 3531 1142 3580 est,

95 3605 135 3652 ep.
147 3591 179 3638 ad
196 3589 255 3637 fam.
270 3603 299 3638 1v
312 3605 333 3649 a,
349 3605 363 3652 3
380 3597 504 3653 quantum
521 3607 565 3639 nos
572 3591 722 3655 fefellerit
733 3598 756 3639 et
770 3606 841 3654 quem
853 3591 882 3639 in
899 3591 977 3639 locum
993 3606 1031 3638 res
1043 3589 1144 3648 deducta

94 3657 128 3700 sit
148 3653 220 3713 vides,
242 3670 281 3718 ep.
302 3656 334 3702 ad
353 3655 431 3703 Attic.
458 3667 510 3702 xrv
531 3671 567 3715 sa,
591 3672 604 3705 a
624 3655 667 3705 sed
683 3671 733 3715 nos,
754 3656 807 3704 nisi
825 3671 863 3704 me
874 3655 978 3719 saliit,
999 3654 1142 3704 iacebimus.

95 3718 133 3767 Or
144 3734 181 3767 we
192 3734 250 3782 may
261 3719 350 3783 supply
362 3720 456 3768 Thebe
466 3719 614 3770 coniunxas
625 3719 730 3784 subject.
1058 3727 1060 3730 ⁴

143 3803 178 3847 ab
188 3811 221 3848 ea
231 3799 300 3858 tusa]
316 3815 357 3848 see
368 3799 498 3864 quotation
510 3799 575 3851 from
587 3801 738 3868 Xenophon
747 3801 841 3863 above,
853 3802 873 3864 5
883 3799 949 3864 nsi.
960 3811 1005 3862 rs.

133 3881 151 3926 t
165 3883 204 3926 ab.
238 3883 438 3946 ome—possit]
454 3884 619 3938 consecutive
631 3885 701 3954 subi.
714 3885 782 3938 with
794 3885 853 3953 qui.
