<?xml version="1.0" encoding="UTF-8"?>
<!DOCTYPE html PUBLIC "-//W3C//DTD XHTML 1.0 Transitional//EN"
    "http://www.w3.org/TR/xhtml1/DTD/xhtml1-transitional.dtd">
<html xmlns="http://www.w3.org/1999/xhtml" xml:lang="en" lang="en">
 <head>
  <title>
</title>
<meta http-equiv="Content-Type" content="text/html;charset=utf-8" />
  <meta name='ocr-system' content='tesseract 3.04.00' />
  <meta name='ocr-capabilities' content='ocr_page ocr_carea ocr_par ocr_line ocrx_word'/>
</head>
<body>
  <div class='ocr_page' id='page_1' title='image "./mtvlliciceronis00holdgoog_0102.png"; bbox 0 0 2580 4184; ppageno 0'>
   <div class='ocr_carea' id='block_1_1' title="bbox 136 169 1180 256">
    <p class='ocr_par' dir='ltr' id='par_1_1' title="bbox 136 169 1180 256">
     <span class='ocr_line' id='line_1_1' title="bbox 136 169 1180 256; baseline -0.001 -21"><span class='ocrx_word' id='word_1_1' title='bbox 136 177 173 235; x_wconf 81' lang='lat'>⁶2</span> <span class='ocrx_word' id='word_1_2' title='bbox 285 175 464 236; x_wconf 84' lang='lat' dir='ltr'><em>Prooemium</em></span> <span class='ocrx_word' id='word_1_3' title='bbox 484 175 519 235; x_wconf 82' lang='lat' dir='ltr'>de</span> <span class='ocrx_word' id='word_1_4' title='bbox 535 193 587 234; x_wconf 84' lang='lat' dir='ltr'>suo</span> <span class='ocrx_word' id='word_1_5' title='bbox 599 173 828 251; x_wconf 78' lang='lat' dir='ltr'>philosophandi</span> <span class='ocrx_word' id='word_1_6' title='bbox 842 174 934 235; x_wconf 82' lang='lat' dir='ltr'>studio</span> <span class='ocrx_word' id='word_1_7' title='bbox 1058 169 1106 256; x_wconf 88' lang='grc' dir='ltr'>[ΙΙ</span> <span class='ocrx_word' id='word_1_8' title='bbox 1122 189 1180 250; x_wconf 83' lang='lat'>113</span> 
     </span>
    </p>
   </div>
   <div class='ocr_carea' id='block_1_2' title="bbox 91 346 1227 2457">
    <p class='ocr_par' dir='ltr' id='par_1_2' title="bbox 91 346 1227 2457">
     <span class='ocr_line' id='line_1_2' title="bbox 135 346 1185 427; baseline 0 -19"><span class='ocrx_word' id='word_1_9' title='bbox 135 348 344 427; x_wconf 86' lang='lat' dir='ltr'>voluptatibus</span> <span class='ocrx_word' id='word_1_10' title='bbox 387 367 415 426; x_wconf 82' lang='lat'>3.</span> <span class='ocrx_word' id='word_1_11' title='bbox 450 350 551 426; x_wconf 83' lang='lat' dir='ltr'>Atque</span> <span class='ocrx_word' id='word_1_12' title='bbox 565 346 679 409; x_wconf 89' lang='lat' dir='ltr'>utinam</span> <span class='ocrx_word' id='word_1_13' title='bbox 699 367 745 409; x_wconf 92' lang='lat' dir='ltr'>res</span> <span class='ocrx_word' id='word_1_14' title='bbox 765 347 885 425; x_wconf 89' lang='lat' dir='ltr'>publica</span> <span class='ocrx_word' id='word_1_15' title='bbox 899 347 1026 409; x_wconf 86' lang='lat' dir='ltr'>stetisset</span> <span class='ocrx_word' id='word_1_16' title='bbox 1040 367 1101 426; x_wconf 92' lang='lat' dir='ltr'>quo</span> <span class='ocrx_word' id='word_1_17' title='bbox 1115 367 1185 409; x_wconf 92' lang='lat' dir='ltr'>coe·</span> 
     </span>
     <span class='ocr_line' id='line_1_3' title="bbox 134 443 1184 523; baseline 0 -18"><span class='ocrx_word' id='word_1_18' title='bbox 134 456 218 522; x_wconf 88' lang='lat' dir='ltr'>perat</span> <span class='ocrx_word' id='word_1_19' title='bbox 241 456 319 506; x_wconf 86' lang='lat' dir='ltr'>statu</span> <span class='ocrx_word' id='word_1_20' title='bbox 349 465 406 508; x_wconf 89' lang='lat' dir='ltr'>nec</span> <span class='ocrx_word' id='word_1_21' title='bbox 423 445 454 505; x_wconf 93' lang='lat' dir='ltr'>in</span> <span class='ocrx_word' id='word_1_22' title='bbox 471 443 608 505; x_wconf 91' lang='lat' dir='ltr'>homines</span> <span class='ocrx_word' id='word_1_23' title='bbox 628 464 690 505; x_wconf 91' lang='lat' dir='ltr'>non</span> <span class='ocrx_word' id='word_1_24' title='bbox 710 455 771 505; x_wconf 89' lang='lat' dir='ltr'>tam</span> <span class='ocrx_word' id='word_1_25' title='bbox 792 445 1069 505; x_wconf 91' lang='lat' dir='ltr'>commutandarum</span> <span class='ocrx_word' id='word_1_26' title='bbox 1092 464 1184 523; x_wconf 91' lang='lat' dir='ltr'>quam</span> 
     </span>
     <span class='ocr_line' id='line_1_4' title="bbox 135 540 1184 617; baseline 0 -15"><span class='ocrx_word' id='word_1_27' title='bbox 135 541 361 602; x_wconf 90' lang='lat' dir='ltr'>evertendarum</span> <span class='ocrx_word' id='word_1_28' title='bbox 372 560 469 602; x_wconf 90' lang='lat' dir='ltr'>rerum</span> <span class='ocrx_word' id='word_1_29' title='bbox 480 541 606 617; x_wconf 89' lang='lat' dir='ltr'>cupidos</span> <span class='ocrx_word' id='word_1_30' title='bbox 615 540 781 602; x_wconf 89' lang='lat' dir='ltr'>incidissetl</span> <span class='ocrx_word' id='word_1_31' title='bbox 803 541 935 601; x_wconf 91' lang='lat' dir='ltr'>Primum</span> <span class='ocrx_word' id='word_1_32' title='bbox 944 540 1033 615; x_wconf 90' lang='lat' dir='ltr'>enim,</span> <span class='ocrx_word' id='word_1_33' title='bbox 1042 552 1076 602; x_wconf 91' lang='lat' dir='ltr'>ut</span> <span class='ocrx_word' id='word_1_34' title='bbox 1087 552 1184 602; x_wconf 88' lang='lat' dir='ltr'>stante</span> 
     </span>
     <span class='ocr_line' id='line_1_5' title="bbox 134 636 1182 716; baseline 0 -19"><span class='ocrx_word' id='word_1_35' title='bbox 134 656 167 699; x_wconf 90' lang='lat' dir='ltr'>re</span> <span class='ocrx_word' id='word_1_36' title='bbox 180 637 300 716; x_wconf 89' lang='lat' dir='ltr'>publica</span> <span class='ocrx_word' id='word_1_37' title='bbox 313 639 409 699; x_wconf 83' lang='lat' dir='ltr'>lacere</span> <span class='ocrx_word' id='word_1_38' title='bbox 424 639 602 712; x_wconf 83' lang='lat' dir='ltr'>solebamus,</span> <span class='ocrx_word' id='word_1_39' title='bbox 617 636 648 696; x_wconf 93' lang='lat' dir='ltr'>in</span> <span class='ocrx_word' id='word_1_40' title='bbox 662 638 779 715; x_wconf 89' lang='lat' dir='ltr'>agendo</span> <span class='ocrx_word' id='word_1_41' title='bbox 793 639 859 716; x_wconf 93' lang='lat' dir='ltr'>plus</span> <span class='ocrx_word' id='word_1_42' title='bbox 873 656 963 716; x_wconf 87' lang='lat' dir='ltr'>quarn</span> <span class='ocrx_word' id='word_1_43' title='bbox 977 637 1008 697; x_wconf 91' lang='lat' dir='ltr'>in</span> <span class='ocrx_word' id='word_1_44' title='bbox 1023 637 1182 698; x_wconf 89' lang='lat' dir='ltr'>scribendo</span> 
     </span>
     <span class='ocr_line' id='line_1_6' title="bbox 135 732 1227 812; baseline -0.004 -16"><span class='ocrx_word' id='word_1_45' title='bbox 135 753 244 812; x_wconf 84' lang='lat' dir='ltr'>operae</span> <span class='ocrx_word' id='word_1_46' title='bbox 265 753 453 811; x_wconf 85' lang='lat' dir='ltr'>poneremus,</span> <span class='ocrx_word' id='word_1_47' title='bbox 475 733 585 794; x_wconf 86' lang='lat' dir='ltr'>deinde</span> <span class='ocrx_word' id='word_1_48' title='bbox 605 733 677 812; x_wconf 93' lang='lat' dir='ltr'>ipsis</span> <span class='ocrx_word' id='word_1_49' title='bbox 697 733 812 811; x_wconf 91' lang='lat' dir='ltr'>scriptis</span> <span class='ocrx_word' id='word_1_50' title='bbox 839 732 900 795; x_wconf 86' lang='lat' dir='ltr'>non</span> <span class='ocrx_word' id='word_1_51' title='bbox 927 754 970 808; x_wconf 89' lang='lat' dir='ltr'>ea,</span> <span class='ocrx_word' id='word_1_52' title='bbox 988 750 1071 812; x_wconf 84' lang='lat' dir='ltr'>quae</span> <span class='ocrx_word' id='word_1_53' title='bbox 1091 753 1180 807; x_wconf 90' lang='lat' dir='ltr'>nunc,</span> <span class='ocrx_word' id='word_1_54' title='bbox 1213 759 1227 809; x_wconf 80' lang='lat'><strong>5</strong></span> 
     </span>
     <span class='ocr_line' id='line_1_7' title="bbox 136 830 1180 908; baseline -0.005 -15"><span class='ocrx_word' id='word_1_55' title='bbox 136 832 190 893; x_wconf 88' lang='lat' dir='ltr'>sed</span> <span class='ocrx_word' id='word_1_56' title='bbox 210 831 343 892; x_wconf 86' lang='lat' dir='ltr'>actiones</span> <span class='ocrx_word' id='word_1_57' title='bbox 364 842 479 891; x_wconf 91' lang='lat' dir='ltr'>nostras</span> <span class='ocrx_word' id='word_1_58' title='bbox 506 831 723 904; x_wconf 86' lang='lat' dir='ltr'>mandaremus,</span> <span class='ocrx_word' id='word_1_59' title='bbox 752 841 786 891; x_wconf 91' lang='lat' dir='ltr'>ut</span> <span class='ocrx_word' id='word_1_60' title='bbox 813 850 901 908; x_wconf 88' lang='lat' dir='ltr'>saepe</span> <span class='ocrx_word' id='word_1_61' title='bbox 928 830 1059 893; x_wconf 81' lang='lat' dir='ltr'>fecimus.</span> <span class='ocrx_word' id='word_1_62' title='bbox 1103 831 1180 892; x_wconf 91' lang='lat' dir='ltr'>Cum</span> 
     </span>
     <span class='ocr_line' id='line_1_8' title="bbox 136 925 1181 1005; baseline 0 -17"><span class='ocrx_word' id='word_1_63' title='bbox 136 941 236 988; x_wconf 85' lang='lat' dir='ltr'>autem</span> <span class='ocrx_word' id='word_1_64' title='bbox 257 927 451 1005; x_wconf 89' lang='lat' dir='ltr'>respublica,</span> <span class='ocrx_word' id='word_1_65' title='bbox 472 925 503 987; x_wconf 92' lang='lat' dir='ltr'>in</span> <span class='ocrx_word' id='word_1_66' title='bbox 525 946 585 1003; x_wconf 89' lang='lat' dir='ltr'>qua</span> <span class='ocrx_word' id='word_1_67' title='bbox 608 927 704 988; x_wconf 91' lang='lat' dir='ltr'>omnis</span> <span class='ocrx_word' id='word_1_68' title='bbox 731 947 799 988; x_wconf 90' lang='lat' dir='ltr'>mea</span> <span class='ocrx_word' id='word_1_69' title='bbox 826 947 897 988; x_wconf 90' lang='lat' dir='ltr'>cura</span> <span class='ocrx_word' id='word_1_70' title='bbox 923 927 1063 1004; x_wconf 83' lang='lat' dir='ltr'>cogitatio</span> <span class='ocrx_word' id='word_1_71' title='bbox 1090 946 1181 1004; x_wconf 84' lang='lat' dir='ltr'>opera</span> 
     </span>
     <span class='ocr_line' id='line_1_9' title="bbox 137 1011 1181 1102; baseline -0.002 -17"><span class='ocrx_word' id='word_1_72' title='bbox 137 1024 209 1102; x_wconf 92' lang='lat' dir='ltr'>poni</span> <span class='ocrx_word' id='word_1_73' title='bbox 230 1025 352 1098; x_wconf 87' lang='lat' dir='ltr'>solebat,</span> <span class='ocrx_word' id='word_1_74' title='bbox 374 1025 455 1083; x_wconf 88' lang='lat' dir='ltr'>nulla</span> <span class='ocrx_word' id='word_1_75' title='bbox 474 1033 552 1084; x_wconf 91' lang='lat' dir='ltr'>esset</span> <span class='ocrx_word' id='word_1_76' title='bbox 573 1023 704 1099; x_wconf 89' lang='lat' dir='ltr'>omnino,</span> <span class='ocrx_word' id='word_1_77' title='bbox 732 1023 801 1084; x_wconf 90' lang='lat' dir='ltr'>illae</span> <span class='ocrx_word' id='word_1_78' title='bbox 826 1011 939 1085; x_wconf 89' lang='lat' dir='ltr'>scilicet</span> <span class='ocrx_word' id='word_1_79' title='bbox 953 1024 1065 1085; x_wconf 89' lang='lat' dir='ltr'>litterae</span> <span class='ocrx_word' id='word_1_80' title='bbox 1088 1023 1181 1085; x_wconf 90' lang='lat' dir='ltr'>conti·</span> 
     </span>
     <span class='ocr_line' id='line_1_10' title="bbox 136 1109 1179 1198; baseline -0.001 -18"><span class='ocrx_word' id='word_1_81' title='bbox 136 1131 260 1181; x_wconf 91' lang='lat' dir='ltr'>cuerunt</span> <span class='ocrx_word' id='word_1_82' title='bbox 283 1123 414 1181; x_wconf 78' lang='lat' dir='ltr'>forenses</span> <span class='ocrx_word' id='word_1_83' title='bbox 441 1130 471 1180; x_wconf 91' lang='lat' dir='ltr'>et</span> <span class='ocrx_word' id='word_1_84' title='bbox 499 1118 671 1180; x_wconf 86' lang='lat' dir='ltr'>senatoriae.</span> <span class='ocrx_word' id='word_1_85' title='bbox 713 1109 740 1194; x_wconf 87' lang='lat'>4</span> <span class='ocrx_word' id='word_1_86' title='bbox 777 1119 860 1179; x_wconf 92' lang='lat' dir='ltr'>Nihil</span> <span class='ocrx_word' id='word_1_87' title='bbox 883 1139 969 1198; x_wconf 85' lang='lat' dir='ltr'>agere</span> <span class='ocrx_word' id='word_1_88' title='bbox 989 1132 1090 1181; x_wconf 89' lang='lat' dir='ltr'>autem</span> <span class='ocrx_word' id='word_1_89' title='bbox 1109 1139 1179 1180; x_wconf 91' lang='lat' dir='ltr'>cum</span> 
     </span>
     <span class='ocr_line' id='line_1_11' title="bbox 133 1215 1223 1295; baseline 0.004 -19"><span class='ocrx_word' id='word_1_90' title='bbox 133 1217 250 1278; x_wconf 90' lang='lat' dir='ltr'>animus</span> <span class='ocrx_word' id='word_1_91' title='bbox 274 1236 336 1278; x_wconf 89' lang='lat' dir='ltr'>non</span> <span class='ocrx_word' id='word_1_92' title='bbox 362 1226 472 1295; x_wconf 92' lang='lat' dir='ltr'>posset,</span> <span class='ocrx_word' id='word_1_93' title='bbox 500 1215 531 1276; x_wconf 91' lang='lat' dir='ltr'>in</span> <span class='ocrx_word' id='word_1_94' title='bbox 559 1215 605 1277; x_wconf 92' lang='lat' dir='ltr'>his</span> <span class='ocrx_word' id='word_1_95' title='bbox 632 1215 736 1276; x_wconf 91' lang='lat' dir='ltr'>studiis</span> <span class='ocrx_word' id='word_1_96' title='bbox 756 1218 796 1276; x_wconf 92' lang='lat' dir='ltr'>ab</span> <span class='ocrx_word' id='word_1_97' title='bbox 818 1215 906 1278; x_wconf 89' lang='lat' dir='ltr'>initio</span> <span class='ocrx_word' id='word_1_98' title='bbox 925 1228 1055 1278; x_wconf 90' lang='lat' dir='ltr'>versatus</span> <span class='ocrx_word' id='word_1_99' title='bbox 1074 1217 1178 1279; x_wconf 86' lang='lat' dir='ltr'>aetatis</span> <span class='ocrx_word' id='word_1_100' title='bbox 1194 1243 1223 1280; x_wconf 81' lang='grc' dir='ltr'>ιο</span> 
     </span>
     <span class='ocr_line' id='line_1_12' title="bbox 133 1311 1179 1390; baseline -0.003 -16"><span class='ocrx_word' id='word_1_101' title='bbox 133 1312 296 1375; x_wconf 88' lang='lat' dir='ltr'>existimavi</span> <span class='ocrx_word' id='word_1_102' title='bbox 316 1311 524 1382; x_wconf 83' lang='lat' dir='ltr'>honestissime</span> <span class='ocrx_word' id='word_1_103' title='bbox 538 1311 689 1372; x_wconf 90' lang='lat' dir='ltr'>molestias</span> <span class='ocrx_word' id='word_1_104' title='bbox 710 1331 797 1389; x_wconf 89' lang='lat' dir='ltr'>posse</span> <span class='ocrx_word' id='word_1_105' title='bbox 818 1311 938 1390; x_wconf 90' lang='lat' dir='ltr'>deponi,</span> <span class='ocrx_word' id='word_1_106' title='bbox 954 1311 979 1373; x_wconf 93' lang='lat' dir='ltr'>si</span> <span class='ocrx_word' id='word_1_107' title='bbox 993 1332 1041 1374; x_wconf 89' lang='lat' dir='ltr'>me</span> <span class='ocrx_word' id='word_1_108' title='bbox 1054 1314 1094 1373; x_wconf 91' lang='lat' dir='ltr'>ad</span> <span class='ocrx_word' id='word_1_109' title='bbox 1115 1312 1179 1389; x_wconf 92' lang='lat' dir='ltr'>phi·</span> 
     </span>
     <span class='ocr_line' id='line_1_13' title="bbox 132 1408 1178 1488; baseline -0.003 -16"><span class='ocrx_word' id='word_1_110' title='bbox 132 1410 298 1488; x_wconf 90' lang='lat' dir='ltr'>losophiam</span> <span class='ocrx_word' id='word_1_111' title='bbox 318 1408 503 1470; x_wconf 84' lang='lat' dir='ltr'>rettulissem.</span> <span class='ocrx_word' id='word_1_112' title='bbox 546 1408 604 1474; x_wconf 90' lang='lat' dir='ltr'>Cui</span> <span class='ocrx_word' id='word_1_113' title='bbox 623 1427 691 1468; x_wconf 90' lang='lat' dir='ltr'>cum</span> <span class='ocrx_word' id='word_1_114' title='bbox 712 1410 839 1468; x_wconf 88' lang='lat' dir='ltr'>multum</span> <span class='ocrx_word' id='word_1_115' title='bbox 852 1409 1028 1470; x_wconf 89' lang='lat' dir='ltr'>adulescens</span> <span class='ocrx_word' id='word_1_116' title='bbox 1042 1408 1178 1470; x_wconf 88' lang='lat' dir='ltr'>discendi</span> 
     </span>
     <span class='ocr_line' id='line_1_14' title="bbox 132 1504 1176 1585; baseline 0 -18"><span class='ocrx_word' id='word_1_117' title='bbox 132 1525 222 1567; x_wconf 86' lang='lat' dir='ltr'>causa</span> <span class='ocrx_word' id='word_1_118' title='bbox 241 1505 382 1585; x_wconf 91' lang='lat' dir='ltr'>temporis</span> <span class='ocrx_word' id='word_1_119' title='bbox 403 1504 580 1583; x_wconf 75' lang='lat' dir='ltr'>tribuissem,</span> <span class='ocrx_word' id='word_1_120' title='bbox 608 1516 713 1583; x_wconf 87' lang='lat' dir='ltr'>postea</span> <span class='ocrx_word' id='word_1_121' title='bbox 739 1525 829 1582; x_wconf 90' lang='lat' dir='ltr'>quam</span> <span class='ocrx_word' id='word_1_122' title='bbox 852 1505 1015 1567; x_wconf 89' lang='lat' dir='ltr'>honoribus</span> <span class='ocrx_word' id='word_1_123' title='bbox 1037 1504 1176 1567; x_wconf 88' lang='lat' dir='ltr'>inservire</span> 
     </span>
     <span class='ocr_line' id='line_1_15' title="bbox 132 1602 1178 1682; baseline 0 -17"><span class='ocrx_word' id='word_1_124' title='bbox 132 1603 220 1682; x_wconf 91' lang='lat' dir='ltr'>coepi</span> <span class='ocrx_word' id='word_1_125' title='bbox 240 1622 348 1682; x_wconf 91' lang='lat' dir='ltr'>meque</span> <span class='ocrx_word' id='word_1_126' title='bbox 369 1613 465 1663; x_wconf 91' lang='lat' dir='ltr'>totum</span> <span class='ocrx_word' id='word_1_127' title='bbox 486 1602 528 1663; x_wconf 91' lang='lat' dir='ltr'>rei</span> <span class='ocrx_word' id='word_1_128' title='bbox 548 1602 686 1681; x_wconf 88' lang='lat' dir='ltr'>publicae</span> <span class='ocrx_word' id='word_1_129' title='bbox 706 1602 823 1675; x_wconf 89' lang='lat' dir='ltr'>tradidi,</span> <span class='ocrx_word' id='word_1_130' title='bbox 838 1613 953 1664; x_wconf 88' lang='lat' dir='ltr'>tantum</span> <span class='ocrx_word' id='word_1_131' title='bbox 967 1613 1029 1664; x_wconf 90' lang='lat' dir='ltr'>erat</span> <span class='ocrx_word' id='word_1_132' title='bbox 1048 1604 1178 1680; x_wconf 81' lang='lat' dir='ltr'>philoso</span> 
     </span>
     <span class='ocr_line' id='line_1_16' title="bbox 132 1699 1218 1781; baseline 0.005 -21"><span class='ocrx_word' id='word_1_133' title='bbox 132 1702 221 1781; x_wconf 91' lang='lat' dir='ltr'>phiae</span> <span class='ocrx_word' id='word_1_134' title='bbox 235 1700 302 1776; x_wconf 94' lang='lat' dir='ltr'>loci,</span> <span class='ocrx_word' id='word_1_135' title='bbox 319 1710 462 1778; x_wconf 88' lang='lat' dir='ltr'>quantum</span> <span class='ocrx_word' id='word_1_136' title='bbox 477 1702 657 1776; x_wconf 88' lang='lat' dir='ltr'>superfuerat</span> <span class='ocrx_word' id='word_1_137' title='bbox 670 1700 833 1761; x_wconf 89' lang='lat' dir='ltr'>amicorum</span> <span class='ocrx_word' id='word_1_138' title='bbox 850 1712 879 1762; x_wconf 93' lang='lat' dir='ltr'>et</span> <span class='ocrx_word' id='word_1_139' title='bbox 893 1699 935 1762; x_wconf 91' lang='lat' dir='ltr'>rei</span> <span class='ocrx_word' id='word_1_140' title='bbox 954 1700 1091 1778; x_wconf 91' lang='lat' dir='ltr'>publicae</span> <span class='ocrx_word' id='word_1_141' title='bbox 1104 1712 1176 1763; x_wconf 88' lang='lat' dir='ltr'>tem·</span> <span class='ocrx_word' id='word_1_142' title='bbox 1191 1729 1218 1779; x_wconf 79' lang='lat'>15</span> 
     </span>
     <span class='ocr_line' id='line_1_17' title="bbox 132 1798 1176 1877; baseline -0.001 -16"><span class='ocrx_word' id='word_1_143' title='bbox 132 1801 259 1877; x_wconf 87' lang='lat' dir='ltr'>poribus</span> <span class='ocrx_word' id='word_1_144' title='bbox 302 1799 340 1858; x_wconf 95' lang='lat' dir='ltr'>Id</span> <span class='ocrx_word' id='word_1_145' title='bbox 353 1808 453 1859; x_wconf 90' lang='lat' dir='ltr'>autem</span> <span class='ocrx_word' id='word_1_146' title='bbox 467 1816 558 1857; x_wconf 91' lang='lat' dir='ltr'>omne</span> <span class='ocrx_word' id='word_1_147' title='bbox 574 1799 804 1859; x_wconf 87' lang='lat' dir='ltr'>consumebatur</span> <span class='ocrx_word' id='word_1_148' title='bbox 823 1799 854 1858; x_wconf 94' lang='lat' dir='ltr'>in</span> <span class='ocrx_word' id='word_1_149' title='bbox 874 1798 1012 1875; x_wconf 91' lang='lat' dir='ltr'>legend0,</span> <span class='ocrx_word' id='word_1_150' title='bbox 1027 1798 1176 1860; x_wconf 91' lang='lat' dir='ltr'>scribendi</span> 
     </span>
     <span class='ocr_line' id='line_1_18' title="bbox 91 1894 1174 1973; baseline -0.002 -15"><span class='ocrx_word' id='word_1_151' title='bbox 91 1907 120 1958; x_wconf 90' lang='lat'>11</span> <span class='ocrx_word' id='word_1_152' title='bbox 133 1896 226 1956; x_wconf 86' lang='lat' dir='ltr'>otium</span> <span class='ocrx_word' id='word_1_153' title='bbox 253 1915 315 1956; x_wconf 92' lang='lat' dir='ltr'>non</span> <span class='ocrx_word' id='word_1_154' title='bbox 343 1905 412 1957; x_wconf 88' lang='lat' dir='ltr'>erat.</span> <span class='ocrx_word' id='word_1_155' title='bbox 460 1910 486 1972; x_wconf 80' lang='lat'>5.</span> <span class='ocrx_word' id='word_1_156' title='bbox 524 1894 664 1955; x_wconf 88' lang='lat' dir='ltr'>Maximis</span> <span class='ocrx_word' id='word_1_157' title='bbox 691 1894 779 1973; x_wconf 90' lang='lat' dir='ltr'>igitur</span> <span class='ocrx_word' id='word_1_158' title='bbox 805 1895 837 1957; x_wconf 90' lang='lat' dir='ltr'>in</span> <span class='ocrx_word' id='word_1_159' title='bbox 863 1896 947 1957; x_wconf 90' lang='lat' dir='ltr'>malis</span> <span class='ocrx_word' id='word_1_160' title='bbox 982 1896 1041 1957; x_wconf 92' lang='lat' dir='ltr'>hoc</span> <span class='ocrx_word' id='word_1_161' title='bbox 1074 1907 1174 1958; x_wconf 82' lang='lat' dir='ltr'>tamen</span> 
     </span>
     <span class='ocr_line' id='line_1_19' title="bbox 132 1991 1175 2072; baseline 0.003 -19"><span class='ocrx_word' id='word_1_162' title='bbox 132 1992 205 2053; x_wconf 92' lang='lat' dir='ltr'>boni</span> <span class='ocrx_word' id='word_1_163' title='bbox 225 1991 515 2064; x_wconf 63' lang='lat' dir='ltr'>assecuti&#39;videmur,</span> <span class='ocrx_word' id='word_1_164' title='bbox 535 2002 569 2053; x_wconf 91' lang='lat' dir='ltr'>ut</span> <span class='ocrx_word' id='word_1_165' title='bbox 588 2012 624 2053; x_wconf 89' lang='lat' dir='ltr'>ea</span> <span class='ocrx_word' id='word_1_166' title='bbox 645 1992 748 2054; x_wconf 89' lang='lat' dir='ltr'>litteris</span> <span class='ocrx_word' id='word_1_167' title='bbox 775 1994 991 2067; x_wconf 69' lang='lat' dir='ltr'>mandaremus</span> <span class='ocrx_word' id='word_1_168' title='bbox 1019 2013 1098 2072; x_wconf 90' lang='lat' dir='ltr'>quae</span> <span class='ocrx_word' id='word_1_169' title='bbox 1118 2013 1175 2056; x_wconf 90' lang='lat' dir='ltr'>nec</span> 
     </span>
     <span class='ocr_line' id='line_1_20' title="bbox 131 2087 1174 2165; baseline 0.003 -18"><span class='ocrx_word' id='word_1_170' title='bbox 131 2100 215 2148; x_wconf 89' lang='lat' dir='ltr'>erant</span> <span class='ocrx_word' id='word_1_171' title='bbox 234 2088 303 2148; x_wconf 92' lang='lat' dir='ltr'>satis</span> <span class='ocrx_word' id='word_1_172' title='bbox 324 2098 395 2149; x_wconf 90' lang='lat' dir='ltr'>nota</span> <span class='ocrx_word' id='word_1_173' title='bbox 415 2087 524 2149; x_wconf 89' lang='lat' dir='ltr'>nostris</span> <span class='ocrx_word' id='word_1_174' title='bbox 539 2098 569 2149; x_wconf 94' lang='lat' dir='ltr'>et</span> <span class='ocrx_word' id='word_1_175' title='bbox 583 2099 666 2149; x_wconf 88' lang='lat' dir='ltr'>erant</span> <span class='ocrx_word' id='word_1_176' title='bbox 687 2087 855 2164; x_wconf 82' lang='lat' dir='ltr'>cognitione</span> <span class='ocrx_word' id='word_1_177' title='bbox 870 2087 1049 2165; x_wconf 79' lang='lat' dir='ltr'>dignissima</span> <span class='ocrx_word' id='word_1_178' title='bbox 1092 2089 1174 2165; x_wconf 89' lang='lat' dir='ltr'>Quid</span> 
     </span>
     <span class='ocr_line' id='line_1_21' title="bbox 132 2184 1220 2265; baseline 0.002 -19"><span class='ocrx_word' id='word_1_179' title='bbox 132 2185 211 2246; x_wconf 90' lang='lat' dir='ltr'>enim</span> <span class='ocrx_word' id='word_1_180' title='bbox 226 2197 276 2258; x_wconf 82' lang='lat' dir='ltr'>est,</span> <span class='ocrx_word' id='word_1_181' title='bbox 290 2204 343 2264; x_wconf 90' lang='lat' dir='ltr'>per</span> <span class='ocrx_word' id='word_1_182' title='bbox 357 2185 436 2264; x_wconf 80' lang='lat' dir='ltr'>deos,</span> <span class='ocrx_word' id='word_1_183' title='bbox 445 2184 601 2261; x_wconf 89' lang='lat' dir='ltr'>optabilius</span> <span class='ocrx_word' id='word_1_184' title='bbox 616 2185 768 2261; x_wconf 89' lang='lat' dir='ltr'>sapientia,</span> <span class='ocrx_word' id='word_1_185' title='bbox 789 2185 862 2262; x_wconf 92' lang='lat' dir='ltr'>quid</span> <span class='ocrx_word' id='word_1_186' title='bbox 882 2186 1086 2265; x_wconf 87' lang='lat' dir='ltr'>praestantius,</span> <span class='ocrx_word' id='word_1_187' title='bbox 1101 2188 1174 2264; x_wconf 92' lang='lat' dir='ltr'>quid</span> <span class='ocrx_word' id='word_1_188' title='bbox 1189 2213 1220 2248; x_wconf 81' lang='lat'>20</span> 
     </span>
     <span class='ocr_line' id='line_1_22' title="bbox 157 2283 1175 2457; baseline 0.006 -19"><span class='ocrx_word' id='word_1_189' title='bbox 157 2326 342 2426; x_wconf 57' lang='lat' dir='ltr'>“blut</span> <span class='ocrx_word' id='word_1_190' title='bbox 378 2283 884 2457; x_wconf 51' lang='lat' dir='ltr'>lithullltllhlsslll</span> <span class='ocrx_word' id='word_1_191' title='bbox 898 2285 1175 2456; x_wconf 46' lang='lat' dir='ltr'>iiiiii&amp;</span> 
     </span>
    </p>
   </div>
   <div class='ocr_carea' id='block_1_3' title="bbox 180 2426 343 2478">
    <p class='ocr_par' dir='ltr' id='par_1_3' title="bbox 180 2426 343 2478">
     <span class='ocr_line' id='line_1_23' title="bbox 180 2426 343 2478; baseline 0.006 -11"><span class='ocrx_word' id='word_1_192' title='bbox 180 2428 228 2478; x_wconf 81' lang='lat' dir='ltr'>nity</span> <span class='ocrx_word' id='word_1_193' title='bbox 256 2426 282 2468; x_wconf 82' lang='lat' dir='ltr'>of</span> <span class='ocrx_word' id='word_1_194' title='bbox 306 2426 343 2468; x_wconf 84' lang='lat' dir='ltr'>the</span> 
     </span>
    </p>
   </div>
   <div class='ocr_carea' id='block_1_4' title="bbox 97 2470 1174 2568">
    <p class='ocr_par' dir='ltr' id='par_1_4' title="bbox 97 2470 1174 2568">
     <span class='ocr_line' id='line_1_24' title="bbox 97 2470 1174 2568; baseline -0.003 -27"><span class='ocrx_word' id='word_1_195' title='bbox 97 2497 100 2503; x_wconf 83' lang='lat'>·</span> <span class='ocrx_word' id='word_1_196' title='bbox 180 2476 344 2568; x_wconf 52' lang='lat'>{335332335</span> <span class='ocrx_word' id='word_1_197' title='bbox 381 2473 541 2551; x_wconf 88' lang='lat' dir='ltr'>quicquam</span> <span class='ocrx_word' id='word_1_198' title='bbox 561 2470 642 2534; x_wconf 90' lang='lat' dir='ltr'>aliud</span> <span class='ocrx_word' id='word_1_199' title='bbox 663 2485 708 2534; x_wconf 93' lang='lat' dir='ltr'>est</span> <span class='ocrx_word' id='word_1_200' title='bbox 727 2475 923 2553; x_wconf 89' lang='lat' dir='ltr'>philosophia,</span> <span class='ocrx_word' id='word_1_201' title='bbox 945 2476 969 2536; x_wconf 94' lang='lat' dir='ltr'>si</span> <span class='ocrx_word' id='word_1_202' title='bbox 989 2477 1174 2554; x_wconf 91' lang='lat' dir='ltr'>interpretari</span> 
     </span>
    </p>
   </div>
   <div class='ocr_carea' id='block_1_5' title="bbox 179 2568 1175 2676">
    <p class='ocr_par' dir='ltr' id='par_1_5' title="bbox 179 2568 1175 2676">
     <span class='ocr_line' id='line_1_25' title="bbox 179 2568 1175 2667; baseline 0.009 -43"><span class='ocrx_word' id='word_1_203' title='bbox 179 2577 256 2667; x_wconf 56' lang='lat'>{¹¹4⁶</span> <span class='ocrx_word' id='word_1_204' title='bbox 273 2575 343 2636; x_wconf 67' lang='lat' dir='ltr'>aarum</span> <span class='ocrx_word' id='word_1_205' title='bbox 379 2568 460 2642; x_wconf 90' lang='lat' dir='ltr'>velis,</span> <span class='ocrx_word' id='word_1_206' title='bbox 492 2580 607 2646; x_wconf 92' lang='lat' dir='ltr'>praeter</span> <span class='ocrx_word' id='word_1_207' title='bbox 638 2569 767 2629; x_wconf 88' lang='lat' dir='ltr'>studium</span> <span class='ocrx_word' id='word_1_208' title='bbox 799 2570 967 2648; x_wconf 87' lang='lat' dir='ltr'>sapientiae.</span> <span class='ocrx_word' id='word_1_209' title='bbox 1024 2572 1175 2650; x_wconf 90' lang='lat' dir='ltr'>Sapientia</span> 
     </span>
     <span class='ocr_line' id='line_1_26' title="bbox 206 2626 346 2676; baseline 0.014 -10"><span class='ocrx_word' id='word_1_210' title='bbox 206 2640 233 2666; x_wconf 90' lang='lat' dir='ltr'>ue</span> <span class='ocrx_word' id='word_1_211' title='bbox 249 2626 346 2676; x_wconf 85' lang='lat' dir='ltr'>ts,wh1eh</span> 
     </span>
    </p>
   </div>
   <div class='ocr_carea' id='block_1_6' title="bbox 125 2663 1215 3614">
    <p class='ocr_par' dir='ltr' id='par_1_6' title="bbox 178 2663 1215 2768">
     <span class='ocr_line' id='line_1_27' title="bbox 178 2663 1215 2768; baseline 0.007 -45"><span class='ocrx_word' id='word_1_212' title='bbox 178 2677 342 2768; x_wconf 57' lang='lat' dir='ltr'>‘iciues‘i&#39;mi</span> <span class='ocrx_word' id='word_1_213' title='bbox 379 2675 478 2725; x_wconf 89' lang='lat' dir='ltr'>autem</span> <span class='ocrx_word' id='word_1_214' title='bbox 500 2676 552 2735; x_wconf 91' lang='lat' dir='ltr'>est,</span> <span class='ocrx_word' id='word_1_215' title='bbox 569 2675 602 2724; x_wconf 91' lang='lat' dir='ltr'>ut</span> <span class='ocrx_word' id='word_1_216' title='bbox 616 2684 634 2724; x_wconf 91' lang='lat' dir='ltr'>a</span> <span class='ocrx_word' id='word_1_217' title='bbox 647 2664 794 2726; x_wconf 91' lang='lat' dir='ltr'>veteribus</span> <span class='ocrx_word' id='word_1_218' title='bbox 813 2663 997 2745; x_wconf 91' lang='lat' dir='ltr'>philosophis</span> <span class='ocrx_word' id='word_1_219' title='bbox 1017 2667 1173 2729; x_wconf 90' lang='lat' dir='ltr'>definitu&#39;m</span> <span class='ocrx_word' id='word_1_220' title='bbox 1186 2697 1198 2730; x_wconf 82' lang='lat'><strong>2</strong></span> <span class='ocrx_word' id='word_1_221' title='bbox 1202 2695 1215 2745; x_wconf 85' lang='lat'><strong>5</strong></span> 
     </span>
    </p>

    <p class='ocr_par' dir='ltr' id='par_1_7' title="bbox 178 2739 1176 2837">
     <span class='ocr_line' id='line_1_28' title="bbox 178 2739 1176 2837; baseline 0.009 -21"><span class='ocrx_word' id='word_1_222' title='bbox 178 2739 295 2837; x_wconf 59' lang='lat' dir='ltr'>{hiiah</span> <span class='ocrx_word' id='word_1_223' title='bbox 316 2739 346 2820; x_wconf 63' lang='grc' dir='ltr'>ὀι</span> <span class='ocrx_word' id='word_1_224' title='bbox 379 2770 433 2835; x_wconf 90' lang='lat' dir='ltr'>est,</span> <span class='ocrx_word' id='word_1_225' title='bbox 448 2779 544 2821; x_wconf 88' lang='lat' dir='ltr'>rerum</span> <span class='ocrx_word' id='word_1_226' title='bbox 564 2760 729 2821; x_wconf 90' lang='lat' dir='ltr'>divinarum</span> <span class='ocrx_word' id='word_1_227' title='bbox 750 2773 780 2823; x_wconf 93' lang='lat' dir='ltr'>et</span> <span class='ocrx_word' id='word_1_228' title='bbox 799 2764 994 2823; x_wconf 87' lang='lat' dir='ltr'>humanarum</span> <span class='ocrx_word' id='word_1_229' title='bbox 1008 2783 1176 2825; x_wconf 88' lang='lat' dir='ltr'>causarum·</span> 
     </span>
    </p>

    <p class='ocr_par' dir='ltr' id='par_1_8' title="bbox 125 2827 1214 3614">
     <span class='ocr_line' id='line_1_29' title="bbox 178 2827 1173 2937; baseline 0.012 -23"><span class='ocrx_word' id='word_1_230' title='bbox 178 2827 301 2879; x_wconf 55' lang='lat' dir='ltr'>‘⁹⁶me</span> <span class='ocrx_word' id='word_1_231' title='bbox 378 2876 445 2935; x_wconf 92' lang='lat' dir='ltr'>que,</span> <span class='ocrx_word' id='word_1_232' title='bbox 461 2857 567 2934; x_wconf 92' lang='lat' dir='ltr'>quibus</span> <span class='ocrx_word' id='word_1_233' title='bbox 587 2878 641 2920; x_wconf 90' lang='lat' dir='ltr'>eae</span> <span class='ocrx_word' id='word_1_234' title='bbox 654 2878 699 2920; x_wconf 88' lang='lat' dir='ltr'>res</span> <span class='ocrx_word' id='word_1_235' title='bbox 713 2860 911 2937; x_wconf 89' lang='lat' dir='ltr'>continentur,</span> <span class='ocrx_word' id='word_1_236' title='bbox 926 2862 1054 2936; x_wconf 82' lang='lat' dir='ltr'>scientia,</span> <span class='ocrx_word' id='word_1_237' title='bbox 1088 2864 1173 2926; x_wconf 92' lang='lat' dir='ltr'>cuius</span> 
     </span>
     <span class='ocr_line' id='line_1_30' title="bbox 129 2950 1172 3038; baseline 0.011 -28"><span class='ocrx_word' id='word_1_238' title='bbox 129 2950 259 3011; x_wconf 90' lang='lat' dir='ltr'>studium</span> <span class='ocrx_word' id='word_1_239' title='bbox 279 2951 331 3030; x_wconf 89' lang='lat' dir='ltr'>qui</span> <span class='ocrx_word' id='word_1_240' title='bbox 350 2953 497 3032; x_wconf 87' lang='lat' dir='ltr'>vituperat</span> <span class='ocrx_word' id='word_1_241' title='bbox 517 2956 598 3017; x_wconf 92' lang='lat' dir='ltr'>haud</span> <span class='ocrx_word' id='word_1_242' title='bbox 619 2975 690 3016; x_wconf 88' lang='lat' dir='ltr'>sane</span> <span class='ocrx_word' id='word_1_243' title='bbox 710 2955 849 3036; x_wconf 86' lang='lat' dir='ltr'>intellego</span> <span class='ocrx_word' id='word_1_244' title='bbox 869 2959 1012 3036; x_wconf 90' lang='lat' dir='ltr'>quidnam</span> <span class='ocrx_word' id='word_1_245' title='bbox 1033 2960 1070 3021; x_wconf 94' lang='lat' dir='ltr'>sit</span> <span class='ocrx_word' id='word_1_246' title='bbox 1088 2962 1172 3038; x_wconf 90' lang='lat' dir='ltr'>quod</span> 
     </span>
     <span class='ocr_line' id='line_1_31' title="bbox 128 3051 1172 3135; baseline 0.011 -26"><span class='ocrx_word' id='word_1_247' title='bbox 128 3051 312 3110; x_wconf 89' lang='lat' dir='ltr'>laudandum</span> <span class='ocrx_word' id='word_1_248' title='bbox 338 3061 430 3128; x_wconf 85' lang='lat' dir='ltr'>putet</span> <span class='ocrx_word' id='word_1_249' title='bbox 478 3055 505 3113; x_wconf 91' lang='lat'>6.</span> <span class='ocrx_word' id='word_1_250' title='bbox 542 3055 622 3114; x_wconf 90' lang='lat' dir='ltr'>Nam</span> <span class='ocrx_word' id='word_1_251' title='bbox 642 3053 704 3116; x_wconf 91' lang='lat' dir='ltr'>sive</span> <span class='ocrx_word' id='word_1_252' title='bbox 725 3057 885 3118; x_wconf 87' lang='lat' dir='ltr'>oblectatio</span> <span class='ocrx_word' id='word_1_253' title='bbox 905 3057 1055 3135; x_wconf 90' lang='lat' dir='ltr'>quaeritur</span> <span class='ocrx_word' id='word_1_254' title='bbox 1080 3059 1172 3120; x_wconf 92' lang='lat' dir='ltr'>animi</span> 
     </span>
     <span class='ocr_line' id='line_1_32' title="bbox 126 3145 1214 3233; baseline 0.006 -28"><span class='ocrx_word' id='word_1_255' title='bbox 126 3145 302 3224; x_wconf 87' lang='lat' dir='ltr'>requiesque</span> <span class='ocrx_word' id='word_1_256' title='bbox 321 3167 465 3222; x_wconf 89' lang='lat' dir='ltr'>curarum,</span> <span class='ocrx_word' id='word_1_257' title='bbox 480 3168 556 3226; x_wconf 87' lang='lat' dir='ltr'>quae</span> <span class='ocrx_word' id='word_1_258' title='bbox 577 3151 701 3214; x_wconf 86' lang='lat' dir='ltr'>conferri</span> <span class='ocrx_word' id='word_1_259' title='bbox 722 3172 791 3213; x_wconf 89' lang='lat' dir='ltr'>cum</span> <span class='ocrx_word' id='word_1_260' title='bbox 812 3173 914 3214; x_wconf 88' lang='lat' dir='ltr'>eorum</span> <span class='ocrx_word' id='word_1_261' title='bbox 938 3154 1041 3216; x_wconf 88' lang='lat' dir='ltr'>studiis</span> <span class='ocrx_word' id='word_1_262' title='bbox 1061 3166 1170 3233; x_wconf 91' lang='lat' dir='ltr'>potest,</span> <span class='ocrx_word' id='word_1_263' title='bbox 1183 3177 1214 3227; x_wconf 84' lang='lat'>30</span> 
     </span>
     <span class='ocr_line' id='line_1_33' title="bbox 127 3241 1171 3325; baseline 0.012 -23"><span class='ocrx_word' id='word_1_264' title='bbox 127 3241 179 3320; x_wconf 92' lang='lat' dir='ltr'>qui</span> <span class='ocrx_word' id='word_1_265' title='bbox 200 3262 316 3320; x_wconf 90' lang='lat' dir='ltr'>semper</span> <span class='ocrx_word' id='word_1_266' title='bbox 335 3243 448 3320; x_wconf 91' lang='lat' dir='ltr'>aliquid</span> <span class='ocrx_word' id='word_1_267' title='bbox 468 3247 635 3322; x_wconf 90' lang='lat' dir='ltr'>anquirunt,</span> <span class='ocrx_word' id='word_1_268' title='bbox 649 3249 731 3324; x_wconf 91' lang='lat' dir='ltr'>quod</span> <span class='ocrx_word' id='word_1_269' title='bbox 746 3261 859 3325; x_wconf 91' lang='lat' dir='ltr'>spectet</span> <span class='ocrx_word' id='word_1_270' title='bbox 874 3262 903 3312; x_wconf 90' lang='lat' dir='ltr'>et</span> <span class='ocrx_word' id='word_1_271' title='bbox 916 3253 1012 3313; x_wconf 87' lang='lat' dir='ltr'>valeat</span> <span class='ocrx_word' id='word_1_272' title='bbox 1032 3254 1073 3314; x_wconf 91' lang='lat' dir='ltr'>ad</span> <span class='ocrx_word' id='word_1_273' title='bbox 1093 3255 1171 3316; x_wconf 90' lang='lat' dir='ltr'>bene</span> 
     </span>
     <span class='ocr_line' id='line_1_34' title="bbox 126 3340 1171 3428; baseline 0.01 -27"><span class='ocrx_word' id='word_1_274' title='bbox 126 3341 273 3417; x_wconf 89' lang='lat' dir='ltr'>beateque</span> <span class='ocrx_word' id='word_1_275' title='bbox 286 3340 468 3402; x_wconf 86' lang='lat' dir='ltr'>vivendum?</span> <span class='ocrx_word' id='word_1_276' title='bbox 488 3343 549 3404; x_wconf 87' lang='lat' dir='ltr'>sive</span> <span class='ocrx_word' id='word_1_277' title='bbox 562 3344 637 3406; x_wconf 91' lang='lat' dir='ltr'>ratio</span> <span class='ocrx_word' id='word_1_278' title='bbox 651 3346 834 3408; x_wconf 89' lang='lat' dir='ltr'>constantiae</span> <span class='ocrx_word' id='word_1_279' title='bbox 848 3347 1022 3428; x_wconf 89' lang='lat' dir='ltr'>virtutisque</span> <span class='ocrx_word' id='word_1_280' title='bbox 1043 3350 1171 3428; x_wconf 92' lang='lat' dir='ltr'>ducitur,</span> 
     </span>
     <span class='ocr_line' id='line_1_35' title="bbox 125 3438 1168 3525; baseline 0.012 -28"><span class='ocrx_word' id='word_1_281' title='bbox 125 3449 177 3497; x_wconf 89' lang='lat' dir='ltr'>aut</span> <span class='ocrx_word' id='word_1_282' title='bbox 198 3438 272 3498; x_wconf 91' lang='lat' dir='ltr'>haec</span> <span class='ocrx_word' id='word_1_283' title='bbox 284 3456 330 3498; x_wconf 90' lang='lat' dir='ltr'>ars</span> <span class='ocrx_word' id='word_1_284' title='bbox 345 3448 390 3498; x_wconf 91' lang='lat' dir='ltr'>cst</span> <span class='ocrx_word' id='word_1_285' title='bbox 403 3450 454 3498; x_wconf 90' lang='lat' dir='ltr'>aut</span> <span class='ocrx_word' id='word_1_286' title='bbox 468 3441 548 3499; x_wconf 89' lang='lat' dir='ltr'>nulla</span> <span class='ocrx_word' id='word_1_287' title='bbox 562 3440 693 3515; x_wconf 90' lang='lat' dir='ltr'>omnino,</span> <span class='ocrx_word' id='word_1_288' title='bbox 714 3460 768 3518; x_wconf 91' lang='lat' dir='ltr'>per</span> <span class='ocrx_word' id='word_1_289' title='bbox 787 3463 877 3522; x_wconf 86' lang='lat' dir='ltr'>quam</span> <span class='ocrx_word' id='word_1_290' title='bbox 897 3465 948 3506; x_wconf 89' lang='lat' dir='ltr'>eas</span> <span class='ocrx_word' id='word_1_291' title='bbox 968 3465 1168 3525; x_wconf 85' lang='lat' dir='ltr'>assequamur.</span> 
     </span>
     <span class='ocr_line' id='line_1_36' title="bbox 126 3533 1169 3614; baseline 0.013 -22"><span class='ocrx_word' id='word_1_292' title='bbox 126 3533 247 3593; x_wconf 90' lang='lat' dir='ltr'>Nullam</span> <span class='ocrx_word' id='word_1_293' title='bbox 261 3533 360 3595; x_wconf 90' lang='lat' dir='ltr'>dicere</span> <span class='ocrx_word' id='word_1_294' title='bbox 373 3555 575 3595; x_wconf 84' lang='lat' dir='ltr'>maxumarum</span> <span class='ocrx_word' id='word_1_295' title='bbox 589 3556 685 3598; x_wconf 89' lang='lat' dir='ltr'>rerum</span> <span class='ocrx_word' id='word_1_296' title='bbox 699 3549 792 3598; x_wconf 89' lang='lat' dir='ltr'>artem</span> <span class='ocrx_word' id='word_1_297' title='bbox 807 3559 880 3614; x_wconf 92' lang='lat' dir='ltr'>esse,</span> <span class='ocrx_word' id='word_1_298' title='bbox 896 3562 964 3602; x_wconf 92' lang='lat' dir='ltr'>cum</span> <span class='ocrx_word' id='word_1_299' title='bbox 979 3543 1169 3606; x_wconf 90' lang='lat' dir='ltr'>minimarum</span> 
     </span>
    </p>
   </div>
   <div class='ocr_carea' id='block_1_7' title="bbox 125 3630 1209 3718">
    <p class='ocr_par' dir='ltr' id='par_1_9' title="bbox 125 3630 1209 3718">
     <span class='ocr_line' id='line_1_37' title="bbox 125 3630 1209 3718; baseline 0.012 -26"><span class='ocrx_word' id='word_1_300' title='bbox 125 3631 190 3692; x_wconf 89' lang='lat' dir='ltr'>sine</span> <span class='ocrx_word' id='word_1_301' title='bbox 204 3641 266 3692; x_wconf 87' lang='lat' dir='ltr'>arte</span> <span class='ocrx_word' id='word_1_302' title='bbox 279 3633 360 3692; x_wconf 89' lang='lat' dir='ltr'>nulla</span> <span class='ocrx_word' id='word_1_303' title='bbox 373 3630 419 3706; x_wconf 91' lang='lat' dir='ltr'>sit,</span> <span class='ocrx_word' id='word_1_304' title='bbox 433 3631 589 3693; x_wconf 88' lang='lat' dir='ltr'>hominum</span> <span class='ocrx_word' id='word_1_305' title='bbox 603 3644 647 3694; x_wconf 92' lang='lat' dir='ltr'>est</span> <span class='ocrx_word' id='word_1_306' title='bbox 660 3653 764 3713; x_wconf 90' lang='lat' dir='ltr'>parum</span> <span class='ocrx_word' id='word_1_307' title='bbox 778 3637 962 3700; x_wconf 88' lang='lat' dir='ltr'>considerate</span> <span class='ocrx_word' id='word_1_308' title='bbox 983 3641 1167 3718; x_wconf 91' lang='lat' dir='ltr'>loquentium</span> <span class='ocrx_word' id='word_1_309' title='bbox 1181 3656 1209 3707; x_wconf 75' lang='lat'>3⁵</span> 
     </span>
    </p>
   </div>
   <div class='ocr_carea' id='block_1_8' title="bbox 98 3754 1173 3882">
    <p class='ocr_par' dir='ltr' id='par_1_10' title="bbox 98 3754 1173 3882">
     <span class='ocr_line' id='line_1_38' title="bbox 98 3754 1173 3879; baseline 0.018 -77"><span class='ocrx_word' id='word_1_310' title='bbox 98 3835 147 3879; x_wconf 68' lang='lat' dir='ltr'>A!</span> <span class='ocrx_word' id='word_1_311' title='bbox 173 3769 204 3816; x_wconf 76' lang='lat'>15</span> <span class='ocrx_word' id='word_1_312' title='bbox 220 3755 340 3820; x_wconf 84' lang='lat' dir='ltr'>temporis</span> <span class='ocrx_word' id='word_1_313' title='bbox 361 3755 403 3805; x_wconf 77' lang='lat' dir='ltr'>val</span> <span class='ocrx_word' id='word_1_314' title='bbox 421 3754 527 3820; x_wconf 88' lang='lat' dir='ltr'>tempori</span> <span class='ocrx_word' id='word_1_315' title='bbox 547 3755 631 3819; x_wconf 84' lang='lat' dir='ltr'>codd.;</span> <span class='ocrx_word' id='word_1_316' title='bbox 651 3758 803 3826; x_wconf 88' lang='lat' dir='ltr'>temporibus</span> <span class='ocrx_word' id='word_1_317' title='bbox 828 3762 950 3814; x_wconf 73' lang='lat' dir='ltr'>Victorius</span> <span class='ocrx_word' id='word_1_318' title='bbox 971 3764 1012 3816; x_wconf 85' lang='lat' dir='ltr'>Ba</span> <span class='ocrx_word' id='word_1_319' title='bbox 1033 3767 1071 3818; x_wconf 82' lang='lat' dir='ltr'>Be</span> <span class='ocrx_word' id='word_1_320' title='bbox 1091 3769 1173 3820; x_wconf 78' lang='lat' dir='ltr'>Hcine</span> 
     </span>
     <span class='ocr_line' id='line_1_39' title="bbox 133 3853 156 3882; baseline 0 0"><span class='ocrx_word' id='word_1_321' title='bbox 133 3853 156 3882; x_wconf 74' lang='lat' dir='ltr'>ll</span> 
     </span>
    </p>
   </div>
   <div class='ocr_carea' id='block_1_9' title="bbox 0 0 1294 4184">
    <p class='ocr_par' dir='ltr' id='par_1_11' title="bbox 0 0 1294 4184">
     <span class='ocr_line' id='line_1_40' title="bbox 0 0 1294 4184; baseline 0 3"><span class='ocrx_word' id='word_1_322' title='bbox 0 0 1294 4184; x_wconf 95' lang='lat' dir='ltr'> </span> 
     </span>
    </p>
   </div>
  </div>
 </body>
</html>
