2580 4184
137 187 176 263 98
410 149 590 245 prohemium
610 184 644 243 de
661 183 714 244 otii
731 184 781 242 sui
798 182 909 242 ratione
1062 176 1185 262 [11113

137 351 305 432 possimus?
346 372 373 428 3.
397 355 445 414 Ita
465 351 517 430 qui
538 351 569 412 in
590 350 720 412 maxima
740 350 908 413 celebritate
929 362 1018 429 atque
1039 351 1070 412 in
1092 352 1186 413 oculis

137 447 247 509 civium
264 449 418 526 quondam
436 446 605 522 vixerimus,
619 467 700 508 nunc
717 447 863 524 fugientes
884 458 1080 526 conspectum
1096 449 1187 509 scele-

136 556 276 618 ratorum,
291 543 400 622 quibus
419 544 520 606 omnia
539 544 715 618 redundant,
730 543 868 605 abdimus
883 564 949 613 nos,
958 557 1101 622 quantum
1116 543 1193 617 licet,

138 651 169 703 et
192 661 281 719 saepe
302 641 359 703 soli
380 660 489 701 sumus
532 642 592 702 Sed
616 639 687 717 quia
711 639 753 700 sic
777 641 816 701 ab
836 640 1006 701 hominibus
1027 640 1124 701 doctis
1142 661 1187 701 ac·

138 737 280 815 cepimus,
306 757 367 798 non
392 739 489 797 solum
513 755 550 797 ex
573 735 659 796 malis
683 734 789 813 eligere
816 735 940 796 minima
963 748 1108 814 oportere,
1134 738 1188 797 sed
1215 756 1229 806 5

138 835 229 897 etiam
256 852 412 912 excerpere
435 853 472 894 ex
492 831 538 893 his
559 831 638 910 ipsis,
661 831 686 892 si
707 831 780 910 quid
799 831 909 893 inesset
929 831 1010 906 boni,
1032 844 1188 911 propterea

138 943 169 994 et
189 931 251 994 otio
271 934 358 1006 fruor,
374 951 436 992 non
456 930 509 993 illo
530 930 661 1008 quidem,
684 949 744 1007 quo
766 930 895 991 debebat
914 929 948 1001 is,
961 929 1013 1007 qui
1033 931 1188 1007 quondam

138 1026 299 1106 peperisset
313 1025 406 1087 otium
421 1025 539 1100 civitati,
561 1044 618 1086 nec
632 1044 699 1086 eam
713 1023 906 1085 solitudinem
924 1026 1062 1103 languere
1079 1025 1185 1103 patior,

139 1145 231 1202 quam
254 1123 328 1184 mihi
351 1125 446 1185 adfert
467 1123 637 1197 necessitas,
663 1142 725 1183 non
748 1126 893 1184 voluntas.
935 1144 963 1198 4.
997 1127 1188 1202 Quamquam

139 1221 295 1283 Africanus
313 1220 457 1282 maiorem
475 1222 597 1282 laudem
615 1239 685 1281 meo
703 1219 815 1282 iudicio
833 1223 1053 1298 assequebatur.
1096 1225 1187 1284 Nulla
1202 1248 1232 1283 10

140 1321 220 1382 enim
244 1320 308 1382 eius
327 1318 437 1398 ingenii
458 1330 653 1380 monumenta
673 1320 815 1380 mandata
835 1319 946 1394 litteris,
968 1322 1083 1380 nullum
1111 1342 1188 1400 opus

139 1418 201 1493 otii,
223 1419 338 1479 nullum
359 1416 527 1478 solitudinis
548 1435 658 1476 munus
678 1428 774 1478 extat:
804 1436 842 1477 ex
862 1436 923 1494 quo
944 1416 1075 1496 intellegi
1096 1421 1187 1482 debet

138 1512 223 1574 illum
243 1512 351 1574 mentis
371 1511 531 1590 agitatione
551 1511 836 1590 investigationeque
857 1531 959 1573 earum
981 1533 1087 1589 rerum,
1113 1535 1187 1592 quas

139 1610 300 1690 cogitando
327 1611 574 1687 consequebatur,
599 1629 656 1671 nec
684 1609 813 1671 otiosum
837 1629 895 1671 nec
929 1613 1027 1672 solum
1053 1633 1187 1691 unquam

139 1708 236 1769 luisse.
270 1710 335 1769 Nos
356 1717 465 1781 autem,
481 1706 609 1784 quinon
626 1718 742 1768 tantum
760 1706 874 1768 roboris
890 1708 1043 1784 habemus,
1062 1711 1229 1789 utcogi-15

138 1804 250 1866 tatione
277 1804 368 1864 tacita
393 1823 412 1865 a
439 1803 600 1866 solitudine
627 1805 839 1879 abstrahamur,
867 1806 907 1866 ad
933 1807 1011 1866 hanc
1038 1806 1187 1870 scribendi

137 1921 260 1980 operam
279 1920 369 1962 omne
388 1900 521 1961 studium
542 1920 704 1978 curamque
725 1899 932 1962 convertimus
976 1904 1082 1980 Itaque
1104 1907 1187 1982 plura

138 2000 219 2062 brevi
246 2011 379 2077 tempore
406 2017 508 2060 eversa
534 2016 625 2076 quam
652 1996 753 2058 multis
780 1996 866 2058 annis
888 2009 984 2061 stante
1010 2020 1042 2062 re
1068 2002 1188 2080 publica

139 2098 317 2177 scripsimus.

98 2219 128 2271 11
164 2217 212 2261 rue
229 2217 317 2270 sainct
332 2218 357 2260 or
453 2208 479 2270 5.
516 2193 576 2255 Sed
597 2213 667 2254 cum
689 2203 752 2254 tota
778 2193 976 2272 philosophia,
1000 2196 1042 2257 mi
1070 2197 1185 2273 Cicero,
1200 2222 1231 2258 20

140 2268 355 2370 ffuffigpss‘}
393 2289 529 2367 frugifera
542 2299 572 2350 et
586 2291 737 2351 fructuosa
753 2310 810 2351 nec
826 2293 887 2352 ulla
907 2312 974 2369 pars
994 2293 1057 2355 eius
1076 2294 1187 2358 inculta

138 2369 353 2471 {sglggpssffssjss'ffi}
390 2405 426 2446 ac
440 2387 556 2446 deserta
569 2386 615 2460 sit,
625 2398 688 2447 tum
702 2390 800 2449 nullus
814 2389 938 2450 feracior
950 2389 981 2450 in
995 2411 1031 2452 ea
1045 2394 1129 2453 locus
1142 2406 1187 2455 est

138 2468 206 2560 ‘32ssss
215 2469 353 2561 {iiiiiti‘iss
390 2500 447 2542 nec
459 2481 578 2544 uberior
588 2503 678 2561 quam
692 2486 732 2546 de
745 2485 858 2558 officiis,
870 2486 1007 2564 aquibus
1018 2501 1187 2552 constanter

139 2568 351 2670 {affinllffitffssuffi
389 2579 575 2656 honesteque
596 2579 716 2641 vivendi
739 2592 897 2658 praecepta
919 2584 1075 2646 ducuntur.
1119 2589 1188 2662 Qua

59 2761 61 2767 Ι
139 2669 354 2770 gfisllgfsgfyssgffiq
390 2694 423 2736 re
436 2694 617 2753 quamquam
632 2696 650 2737 a
663 2678 807 2756 Cratippo
820 2691 932 2755 nostro,
947 2682 1080 2761 principe
1099 2685 1186 2745 huius
1201 2707 1213 2740 α
1218 2703 1230 2754 5

139 2768 353 2863 {fengsslffiervcss
391 2770 552 2833 memoriae
566 2773 820 2852 philosophorum,
829 2777 904 2837 haec
913 2787 943 2837 te
957 2778 1075 2841 assidue
1085 2781 1187 2842 audire

139 2880 227 2912 ”⁹⁹⁸⁵-
390 2880 480 2946 atque
488 2869 621 2948 accipere
632 2873 760 2947 confido,
772 2883 873 2934 tamen
887 2875 1054 2937 conducere
1065 2877 1188 2938 arbitror

138 2964 246 3025 talibus
266 2984 350 3027 aures
370 2979 435 3028 tuas
456 2968 579 3030 vocibus
600 2969 734 3047 undique
754 2970 973 3033 circumsonare
1003 2991 1060 3034 nec
1081 2994 1140 3046 eas,
1161 2975 1187 3036 si

137 3059 200 3120 fieri
214 3061 315 3138 possit,
331 3060 490 3140 quicquam
504 3063 586 3126 aliud
600 3065 711 3128 audire.
754 3069 781 3126 6.
805 3067 897 3142 Quod
910 3087 980 3128 cum
989 3069 1127 3130 omnibus
1142 3082 1187 3131 est

137 3156 317 3231 faciendum,
332 3159 384 3236 qui
397 3160 489 3221 vitam
502 3162 659 3223 honestam
673 3161 788 3240 ingredi
801 3162 940 3240 cogitant,
951 3173 1016 3223 turn
1028 3167 1111 3227 haud
1124 3167 1185 3228 scio
1200 3188 1232 3238 30

136 3273 176 3315 an
205 3254 318 3316 nemini
345 3256 446 3334 potius
474 3277 565 3335 quam
593 3257 655 3320 tibi.
707 3257 839 3319 Sustines
867 3258 948 3320 enim
975 3267 1049 3323 non'
1064 3282 1186 3339 parvam

137 3347 375 3425 expectationem
396 3350 558 3414 imitandae
586 3351 749 3414 industriae
775 3365 903 3428 nostrae,
927 3375 1066 3434 magnam
1093 3359 1187 3420 hono

136 3462 212 3519 rum,
232 3463 293 3504 non
312 3447 424 3506 nullam
442 3448 565 3508 fortasse
583 3448 721 3511 nominis
764 3449 925 3526 Suscepisti
941 3470 1018 3512 onus
1034 3465 1185 3529 praeterea

136 3559 223 3617 grave
243 3549 273 3602 et
293 3542 478 3603 Athenarum
498 3554 529 3606 et
549 3543 699 3621 Cratippi:
718 3545 758 3606 ad
778 3564 855 3623 quos
875 3566 945 3607 cum
967 3558 1121 3626 tamquam
1145 3554 1184 3612 ad

136 3646 330 3698 mercaturam
347 3637 493 3700 bonarum
509 3638 617 3701 artium
636 3640 675 3702 sis
695 3642 853 3720 profectus,
873 3642 994 3705 inanem
1010 3645 1106 3710 redire
1127 3658 1185 3709 tur-
1198 3673 1230 3723 35

116 3840 140 3888 d
151 3772 203 3891 be}
217 3762 307 3815 debeat
323 3765 353 3814 St
361 3781 417 3816 cum
426 3766 551 3833 plenique
565 3767 632 3820 codd.
649 3774 679 3820 ut
693 3770 772 3822 multo
788 3771 910 3825 urbanius
922 3790 951 3826 ac
964 3776 1093 3828 modestrirs
1107 3796 1183 3846 quom

135 3855 153 3890 e
201 3849 239 3892 at.
1136 3877 1139 3884 ¹
