2580 4184
144 175 183 234 82
537 171 587 231 De
603 186 636 231 ea
655 169 825 248 beneficentia
1010 165 1057 251 [11
1072 183 1140 228 xvn
1156 169 1193 244 58

147 289 233 300 ..ι-ια

143 346 253 408 riores:
280 346 361 404 hunc
387 353 433 405 est
459 344 587 404 Scaurus
614 340 754 402 imitatus.
799 339 1094 419 Magnificentissimo
1124 348 1215 410 vero'

145 439 238 503 nostri
254 437 380 517 Pompei
398 457 523 499 munera
541 439 674 499 secundo
693 438 865 499 consulatu:
885 436 1039 515 inquibus
1057 438 1194 501 omnihus

47 559 131 611 xvn
145 539 219 616 quid
238 537 313 598 mihi
332 538 456 615 placeat,
477 534 568 597 vides.
626 539 672 613 58.
723 534 857 596 Vitanda
876 545 977 596 tamen
997 534 1128 612 suspicio
1149 550 1195 599 est

34 638 37 643 '
168 659 279 710 nme,
334 666 356 700 to
395 632 541 694 avaritiae.
584 634 748 706 Mamerco,
769 630 885 692 homini
906 631 1091 708 divitissimo,
1113 653 1194 712 prae·

142 709 356 802 {ifffibiffiffi}
392 729 540 792 termissio
558 729 716 790 aedilitatis
734 730 906 790 consulatus
924 732 1071 808 repulsam
1086 732 1190 793 attulit
1222 759 1235 807 5

142 824 208 855 “⁵⁸³
387 827 464 901 Qua
477 844 509 885 re
523 836 563 899 et,
580 825 605 885 si
623 826 791 902 postulatur
807 844 826 885 a
844 827 966 903 populo,
981 826 1069 887 bonis
1083 828 1152 889 viris
1168 829 1193 888 si

141 924 356 1017 “afflgffiffi
393 942 455 984 non
470 922 716 996 desiderantibus,
735 933 765 982 at
779 933 879 982 tamen
897 923 1139 1000 adprobantibus,
1154 928 1192 986 fa·

142 989 358 1078 betriallravoided·
393 1018 538 1079 ciundum
552 1029 606 1093 est,
625 1020 719 1081 modo
732 1038 786 1097 pro
800 1018 996 1094 facultatibus,
1016 1040 1071 1082 nos
1090 1021 1147 1100 ipsi
1160 1034 1193 1083 ut

142 1116 274 1191 fecimus,
289 1128 328 1193 et,
346 1115 506 1194 siquando
529 1116 628 1194 aliqua
647 1137 694 1178 res
714 1117 808 1179 maior
829 1128 919 1194 atque
939 1118 1039 1179 utilior
1058 1120 1193 1198 populari

142 1216 296 1294 largitione
315 1215 489 1293 adquiritur,
515 1226 549 1276 ut
570 1214 668 1276 Oresti
693 1234 789 1292 nuper
811 1214 935 1292 prandia
955 1215 987 1276 in
1011 1217 1123 1278 semitis
1144 1220 1192 1279 de·
1207 1244 1236 1280 ιο

142 1331 250 1372 cumae
263 1309 386 1372 nomine
401 1329 511 1388 magno
524 1309 631 1371 honori
645 1312 771 1370 fuerunt.
805 1312 854 1371 Ne
869 1312 974 1372 Marco
987 1311 1109 1388 quidem
1123 1314 1191 1376 Seio

142 1410 216 1472 vitio
237 1412 341 1471 datum
362 1419 416 1482 est,
432 1409 514 1485 quod
528 1406 560 1467 in
574 1405 695 1467 caritate
715 1427 781 1468 asse
801 1407 937 1469 modium
957 1412 1070 1487 populo
1089 1412 1173 1472 dedit
1182 1433 1191 1487 ;

142 1529 252 1589 magna
264 1508 346 1570 enim
359 1527 392 1569 se
410 1519 441 1568 et
455 1507 617 1567 inveterata
634 1505 746 1566 invidia
763 1525 820 1567 nec
833 1506 911 1584 turpi
929 1506 1048 1583 iactura,
1068 1512 1191 1586 quando

143 1618 205 1670 erat
221 1605 333 1679 aedilis,
355 1623 411 1665 nec
430 1603 560 1666 maxima
577 1603 718 1665 liberavit
762 1603 822 1664 Sed
841 1603 947 1664 honori
965 1623 1083 1666 summo
1097 1625 1191 1684 nuper

143 1715 245 1767 nostro
260 1701 369 1764 Miloni
382 1701 446 1775 fuit,
461 1699 513 1778 qui
530 1699 744 1778 gladiatoribus
758 1699 865 1777 emptis
879 1700 921 1761 rei
938 1700 1075 1778 publicae
1091 1722 1188 1778 causa,
1204 1723 1227 1774 ¹5

144 1820 222 1878 quae
235 1801 329 1860 salute
343 1809 444 1860 nostra
456 1797 673 1872 continebatur,
692 1816 797 1858 omnes
811 1800 843 1857 P.
861 1797 950 1859 Clodi
978 1810 1101 1859 conatus
1115 1802 1193 1862 suro·

143 1917 249 1975 resque
263 1895 444 1973 compressit.
488 1897 586 1956 Causa
603 1893 690 1972 igitur
707 1891 869 1970 largitionis
883 1904 936 1966 est,
958 1892 984 1955 si
1004 1906 1055 1955 aut
1068 1915 1190 1960 necesse

144 2007 189 2059 est
210 2005 261 2055 aut
281 1993 362 2054 utile.
405 2010 452 2070 59.
496 1992 534 2051 In
554 1990 600 2052 his
627 2002 728 2051 autem
755 1988 827 2067 ipsis
853 1990 1063 2052 mediocritatis
1090 1997 1190 2072 regula

143 2092 258 2170 optima
271 2101 324 2151 est.
368 2090 401 2148 L.
418 2087 540 2165 quidem
555 2086 709 2164 Philippus
724 2086 762 2161 Q.
778 2088 821 2160 F,
836 2105 945 2166 magno
958 2086 1002 2147 vir
1014 2081 1134 2166 ingenio
1147 2089 1189 2150 in·

144 2186 305 2264 primisque
319 2187 422 2257 clarus,
442 2182 559 2260 gloriari
577 2184 692 2244 solebat
706 2201 737 2241 se
752 2181 816 2243 sine
829 2183 890 2242 ullo
904 2202 1027 2244 munere
1045 2186 1187 2263 adeptum
1202 2210 1233 2244 20

144 2304 209 2347 esse
224 2283 333 2355 omnia,
348 2300 425 2359 quae
438 2281 617 2341 haberentur
629 2277 819 2356 amplissima
855 2278 984 2341 Dicebat
998 2279 1078 2340 idem
1089 2282 1186 2358 Cotta,

145 2381 243 2443 Curio.
270 2377 366 2439 Nobis
380 2396 501 2454 quoque
512 2376 580 2438 licet
594 2375 624 2435 in
638 2378 697 2436 hoc
710 2377 843 2452 quodam
856 2377 948 2437 modo
958 2377 1080 2455 gloriari
1110 2381 1190 2439 Nam

144 2497 199 2555 pro
213 2474 407 2553 amplitudine
425 2474 582 2546 honorum,
598 2492 674 2550 quos
687 2470 802 2532 cunctis
816 2473 959 2551 suffragiis
973 2473 1074 2551 adepti
1087 2494 1189 2537 sumus

144 2584 246 2634 nostro
260 2570 383 2648 quidem
399 2589 488 2643 anno,
506 2570 590 2646 quod
608 2569 732 2647 contigit
749 2590 852 2632 eorum
871 2568 992 2643 nemini,
1007 2589 1082 2646 quos
1096 2573 1189 2633 modo

144 2666 304 2742 nominavi,
324 2685 395 2727 sane
417 2665 540 2742 exiguus
562 2678 696 2744 sumptus
715 2665 873 2730 aedilitatis
893 2665 956 2726 suit.
999 2668 1046 2728 60.
1088 2669 1188 2744 Atque
1203 2688 1233 2737 ²5

394 2764 484 2824 etiam
512 2762 580 2824 illae
606 2762 759 2842 impensae
786 2763 932 2838 meliores,
954 2762 1039 2838 muri,
1064 2765 1187 2837 navalia,

143 2823 357 2934 uniiiitiicybsffiif
393 2871 505 2938 portus,
533 2879 675 2937 aquarum
706 2862 813 2922 ductus
843 2859 1012 2939 omniaque,
1043 2879 1120 2937 quae
1149 2863 1189 2921 ad

142 2937 195 2974 ψ
393 2976 480 3017 usum
519 2956 563 3017 rei
605 2956 741 3035 publicae
785 2957 941 3036 pertinent.
997 2957 1189 3034 Quamquam

143 3058 226 3135 quod
252 3075 390 3136 praesens
418 3066 571 3132 tamquam
598 3053 631 3115 in
660 3076 783 3116 manum
817 3057 905 3115 datur
931 3053 1091 3115 iucundius
1124 3066 1187 3116 est:

142 3165 243 3214 tamen
269 3154 344 3213 haec
371 3151 403 3212 in
423 3162 574 3229 posterum
598 3151 731 3230 gratiora
774 3151 912 3225 Theatra,
940 3149 1081 3228 porticus,
1111 3169 1189 3210 nova
1203 3170 1232 3218 30

142 3237 254 3330 templa
272 3250 469 3312 verecundius
489 3251 675 3329 reprehendo
695 3261 816 3329 propter
836 3249 1022 3328 Pompeium,
1045 3250 1099 3310 sed
1120 3250 1190 3310 doc-

142 3348 248 3410 tissimi
261 3367 322 3409 non
336 3347 471 3424 probant,
486 3358 519 3407 ut
533 3347 627 3409 ethic
645 3347 709 3425 ipse
723 3346 891 3421 Panaetius,
911 3365 1002 3423 quem
1016 3347 1142 3405 multum
1156 3346 1187 3408 in

142 3445 189 3506 his
209 3444 290 3506 libris
311 3454 429 3505 secutus
450 3462 526 3517 sum,
548 3462 609 3503 non
630 3442 845 3521 interpretatus,
860 3453 891 3503 et
905 3443 1065 3503 Phalereus
1080 3444 1189 3502 Deme-

143 3542 225 3616 trius,
247 3541 300 3620 qui
320 3540 474 3616 Periclem,
496 3539 661 3617 principem
683 3539 833 3612 Graeciae,
855 3538 1008 3616 vituperat,
1031 3538 1113 3615 quod
1126 3548 1189 3597 tan-

143 3649 205 3700 tam
232 3636 390 3716 pecuniam
419 3635 450 3696 in
477 3637 626 3714 praeclara
652 3634 703 3698 illa
728 3637 889 3716 propylaea
918 3633 1085 3696 coniecerit.
1128 3634 1188 3695 Sed
1202 3651 1233 3705 35

234 3853 270 3902 aa
282 3868 440 3919 quamquam
452 3856 522 3907 enim
532 3855 576 3908 Ba
587 3870 644 3908 cum
657 3853 708 3908 cod.
721 3854 800 3907 Bern.
813 3868 840 3916 o,
851 3863 1005 3920 quamquam
1012 3845 1086 3908 wlff·
