2580 4184
90 177 155 236 Ixr
170 171 223 256 36]
474 177 524 236 De
542 175 644 235 bellicis
663 175 760 264 ffciis
1105 195 1140 255 15

336 347 452 418 modus,
473 355 563 422 atque
587 347 670 405 haud
693 344 756 405 scio
777 364 816 404 an
837 343 907 405 satis
930 344 968 406 sit
994 365 1065 406 eum
1088 344 1141 423 qui

112 455 196 516 Justioe
213 453 305 506 impos„
341 442 500 505 lacessierit
519 441 641 520 iniuriae
663 461 734 503 suae
754 441 915 519 paenitere,
930 452 963 502 ut
979 453 1009 503 et
1026 442 1142 520 ipsene

88 507 158 559 dunes
172 519 200 547 on
214 519 240 546 us
250 519 304 546 even

87 557 181 651 goffia
189 556 303 647 pposehpg
341 540 415 618 quid
428 542 487 602 tale
500 542 626 618 posthac
640 550 670 600 et
686 539 778 600 ceteri
797 538 855 618 sint
876 541 915 600 ad
933 539 1070 600 iniuriam
1088 551 1143 600 tar·

87 656 258 708 mamoazer,
341 641 447 701 diores.
490 659 537 716 34.
580 642 680 715 Atque
697 638 728 698 in
747 638 914 715 republica
932 638 1143 700 maximecon·

337 739 481 799 servanda
505 748 576 797 sunt
596 736 660 796 iura
679 735 758 796 belli.
801 738 882 794 Nam
902 724 971 796 curn
995 735 1054 797 sint
1081 737 1142 797 duo
1170 753 1184 803 5

88 858 198 917 genera
212 835 393 909 decertandi,
408 854 501 894 unum
518 853 570 911 per
587 831 845 910 disceptationem,
858 834 982 892 alterum
1000 852 1054 910 per
1071 832 1141 904 vim,

88 949 218 1008 cumque
238 929 313 989 illud
333 926 484 1005 proprium
505 925 542 985 sit
562 924 700 998 hominis,
718 926 777 984 hoc
794 925 957 999 beluarum,
974 924 1144 1003 confugien-

88 1049 304 1110 tomspusucen·
342 1025 416 1084 dum
430 1033 475 1084 est
493 1023 532 1082 ad
552 1021 706 1099 posterius,
722 1021 747 1081 si
766 1021 809 1080 uti
823 1041 885 1081 non
901 1021 969 1082 licet
983 1021 1140 1099 superiore.

89 1115 301 1202 ffiffimswu,
342 1136 388 1196 35.
433 1119 502 1192 Qua
519 1136 551 1177 re
568 1116 758 1193 suscipienda
777 1115 899 1193 quidem
915 1117 994 1176 bella
1013 1127 1081 1176 sunt
1102 1116 1141 1177 ob

89 1201 305 1303 fflssssghffiffi
342 1235 409 1276 eam
423 1234 552 1288 causam,
566 1224 599 1274 ut
613 1213 677 1274 sine
691 1212 796 1272 iniuria
806 1212 837 1272 in
845 1232 919 1289 pace
928 1213 1050 1298 vitatur,
1058 1226 1141 1292 parta
1157 1238 1185 1272 ιο

90 1315 117 1343 ²¹¹
134 1312 228 1344 ‘mm‘
248 1316 305 1343 '¹¹⁸²'
343 1321 443 1370 autem
456 1309 579 1370 victoria
597 1308 793 1370 conservandi
813 1308 834 1368 ii
855 1309 906 1386 qui
926 1329 988 1370 non
1008 1310 1141 1370 crudeles

89 1365 144 1400 sure,
152 1353 195 1393 and
203 1353 304 1394 conduct·

90 1403 306 1456 ⁶⁶⁰⁰h⁰¹¹⁸²¹²01³¹³¹¹·
343 1406 374 1467 in
388 1407 476 1482 bello,
491 1426 553 1466 non
567 1405 712 1466 immanes
727 1407 852 1478 suerunt,
863 1416 896 1465 ut
910 1405 1035 1465 maiores
1049 1405 1142 1466 nostri

90 1453 173 1546 elpheh·
184 1514 285 1546 ἨΜ
342 1506 538 1577 Tusculanos,
552 1506 684 1578 Aequos,
694 1505 833 1576 Volscos
841 1502 975 1576 Sabinos,
992 1502 1141 1563 Hernicos

90 1597 122 1658 in
142 1599 292 1660 civitatem
312 1600 401 1661 etiam
416 1610 602 1677 acceperunt,
617 1609 647 1659 at
662 1598 876 1677 Karthaginem
896 1610 926 1659 et
947 1599 1141 1659 Numantiam

91 1695 225 1756 funditus
253 1698 452 1758 sustulerunt:
481 1698 592 1756 nollem
620 1695 805 1769 Corinthum,
831 1697 885 1757 sed
911 1697 1002 1755 credo
1028 1694 1140 1772 aliquid
1157 1719 1183 1768 ¹5

91 1805 218 1866 secutos,
236 1792 488 1869 opportunitatem
507 1791 566 1852 loci
582 1810 728 1865 maxume,
748 1811 787 1851 ne
807 1802 907 1868 posset
925 1791 1085 1868 aliquando
1101 1793 1141 1852 ad

90 1890 203 1949 bellum
217 1888 386 1949 faciendum
400 1891 484 1948 locus
498 1887 561 1965 ipse
575 1887 732 1948 adhortari.
777 1876 848 1947 Mea
861 1887 982 1964 quidem
996 1887 1141 1949 sententio

91 1985 166 2061 paci,
178 2005 254 2062 quae
269 1985 342 2046 nihil
356 1984 491 2045 habitura
502 1984 539 2044 sit
548 1983 728 2069 insidiarum,
739 2003 854 2060 semper
862 1995 906 2045 est
915 1985 1139 2045 consulendum.

93 2085 129 2142 In
144 2102 205 2158 quo
219 2081 243 2141 si
252 2081 326 2141 mihi
339 2092 416 2141 esset
428 2091 671 2157 optemperatum,
684 2080 708 2140 si
723 2100 784 2141 non
798 2092 960 2156 optumam,
971 2091 1001 2140 at
1011 2079 1140 2156 aliquam

91 2199 154 2240 rem
167 2178 327 2256 publicam,
339 2197 415 2255 quae
426 2197 505 2237 nunc
520 2179 600 2238 nulla
610 2189 663 2251 est,
678 2177 861 2237 haberemus.
885 2179 924 2236 Et
937 2196 1005 2236 cum
1016 2176 1051 2236 iis
1065 2195 1140 2253 quos
1155 2202 1186 2238 20

92 2275 122 2335 vi
136 2274 278 2336 deviceris
292 2275 508 2336 consulendum
523 2285 577 2347 est,
588 2285 651 2333 tum
665 2273 685 2334 ii
697 2272 748 2350 qui
758 2272 845 2332 armis
854 2271 958 2349 positis
971 2274 1011 2333 ad
1019 2272 1141 2350 impera-

93 2382 190 2432 tomm
198 2374 289 2432 fidem
297 2370 477 2448 confugient,
488 2369 620 2446 quamvis
632 2389 750 2429 murum
763 2369 837 2431 aries
846 2369 1028 2446 percusserit,
1040 2369 1141 2446 recipi-

93 2468 170 2528 endi.
214 2470 252 2528 In
266 2487 327 2544 quo
342 2478 425 2526 tanto
440 2486 528 2543 opere
546 2467 626 2543 apud
641 2476 757 2528 nostros
776 2465 886 2525 iustitia
900 2468 980 2525 culta
997 2476 1050 2540 est,
1065 2477 1097 2528 ut
1111 2465 1140 2539 ii,

93 2565 144 2642 qui
158 2564 291 2625 civitates
312 2574 363 2624 aut
384 2562 519 2624 nationes
541 2562 672 2624 devictas
691 2563 770 2624 bello
791 2562 822 2622 in
842 2564 934 2623 fidem
953 2563 1141 2640 recepissent,

290 2716 295 2727 ,
347 2680 447 2745 earum
464 2659 581 2737 patroni
599 2671 697 2720 essent
711 2679 795 2721 more
812 2659 964 2720 maiorum
1007 2663 1054 2736 36.
1096 2663 1142 2720 Ac
1154 2687 1183 2734 25

117 2717 219 2758 Humane
246 2717 306 2768 spirit
400 2734 411 2752 x

91 2768 305 2859 2‘,„‘2‡„1‡2f⁰ss¹;,³5:
344 2758 415 2819 belli
436 2758 559 2836 quidem
579 2758 711 2834 aequitas
732 2757 914 2818 sanctissime
933 2757 1023 2818 fetiali
1039 2758 1142 2836 populi

91 2867 306 2960 lapsffipoelpoessp
344 2855 475 2946 Romani
497 2855 559 2916 iure
581 2855 742 2933 perscripta
765 2865 818 2918 est.
862 2858 908 2915 Ex
931 2874 991 2932 quo
1013 2854 1142 2933 intellegi

91 2968 128 3018 ng
169 2969 206 3010 ne
248 2969 307 3010 cuer
344 2962 442 3028 potest
456 2953 571 3011 nullum
585 2954 697 3013 bellum
711 2973 775 3013 esse
790 2953 899 3012 iustum
920 2952 976 3012 nisi
990 2955 1073 3030 quod
1091 2964 1142 3013 aut

92 3029 160 3070 Μ’
342 3049 429 3109 rebus
446 3049 576 3126 repetitis
594 3061 709 3128 geratur
725 3061 775 3112 aut
794 3050 999 3111 denuntiatum
1015 3062 1084 3112 ante
1104 3050 1142 3111 sit

94 3153 124 3203 et
137 3142 292 3203 indictum.
336 3141 482 3225 [Popilius
502 3144 661 3233 imperator
675 3147 794 3207 tenebat
807 3146 998 3223 provinciam,
1013 3147 1045 3207 in
1058 3147 1141 3207 cuius
1154 3169 1185 3218 30

92 3239 221 3299 exercitu
236 3239 358 3300 Catonis
377 3240 454 3300 filius
474 3240 531 3319 tiro
551 3241 702 3303 militabat.
745 3245 825 3304 Cum
844 3254 945 3304 autem
965 3243 1081 3321 Popilio
1102 3243 1142 3303 vi-

93 3336 211 3396 deretur
230 3355 321 3394 unam
342 3336 489 3398 dimittere
509 3337 665 3416 legionem,
681 3326 812 3400 Catonis
825 3358 945 3417 quoque
965 3340 1067 3413 filium,
1089 3339 1141 3416 qui

94 3430 124 3490 in
137 3433 244 3492 eadem
258 3432 373 3511 legione
387 3433 539 3506 militabat,
555 3433 674 3496 dimisit
717 3436 778 3497 Sed
791 3455 860 3496 cum
874 3439 975 3497 amore
988 3436 1141 3514 pugnandi

93 3527 125 3588 in
145 3528 274 3589 exercitu
294 3528 490 3604 remansisset,
506 3531 582 3592 Cato
602 3532 642 3591 ad
662 3531 811 3608 Popilium
831 3530 956 3609 scripsit,
969 3542 1011 3607 ut,
1026 3531 1052 3593 si
1071 3552 1140 3592 eum

92 3625 202 3702 patitur
227 3623 259 3684 in
286 3624 415 3685 exercitu
442 3645 602 3701 remanere,
630 3621 763 3690 secundo
786 3648 856 3690 eum
882 3627 992 3706 obliget
1018 3627 1181 3723 militjae35

144 3788 177 3836 30
192 3771 460 3837 Popilius—movendo
471 3772 531 3823 delet
540 3773 694 3840 Madvigius,
706 3775 776 3826 una's
786 3775 942 3828 incluserunt
951 3777 992 3828 aa
1002 3779 1081 3830 Halm
1094 3778 1143 3829 Mu

96 3857 109 3912 fl
138 3869 170 3916 ³⁵
182 3861 312 3918 pateretur
322 3855 366 3914 Or,
373 3853 471 3917 patitur
479 3871 536 3905 cum
546 3856 614 3908 codd.
625 3859 669 3912 Ba
679 3860 763 3913 Ha'ne
773 3860 816 3914 Lu
