2580 4184
139 168 179 240 48
397 167 448 224 De
465 153 556 225 altera
568 171 657 243 parte
673 167 780 226 Decori
797 186 870 244 quae
888 168 931 228 ad
968 165 997 249 [Ι
1012 185 1114 228 xxxvi
1133 187 1188 245 132

137 335 351 396 elaborandum
371 345 424 406 est,
437 354 475 395 ne
495 333 586 394 animi
612 346 712 395 motus
739 354 758 395 a
784 346 888 396 natura
913 337 1073 397 recedant:
1108 339 1192 414 quod

137 450 335 508 assequemur,
364 431 389 492 si
415 431 584 493 cavebimus
611 452 650 494 ne
677 432 709 493 in
728 433 963 510 perturbationes
983 446 1073 512 atque
1094 436 1193 497 exani-

137 529 283 590 mationes
296 527 470 601 incidamus,
476 541 506 590 et
524 529 549 590 si
566 541 695 591 attentos
714 529 830 590 animos
848 532 888 591 ad
904 531 1019 592 decoris
1037 552 1192 592 conserva-

89 666 98 686 .
137 631 249 686 tionem
269 626 445 686 tenebimus.
501 647 566 703 132.
611 630 713 687 Motus
733 638 833 687 autem
854 627 1021 688 animorum
1055 629 1190 706 duplices

137 735 215 795 sunt,
253 723 337 784 alteri
357 723 552 802 cogitationis,
575 725 658 785 alteri
684 725 840 802 appetitus.
884 725 1034 803 Cogitatio
1061 726 1092 787 in
1120 747 1190 789 vero
1220 748 1234 796 5

136 819 320 898 exquirendo
339 821 468 882 maxime
489 833 627 896 versatur,
656 821 804 900 appetitus
831 823 946 900 inpellit
967 824 1007 882 ad
1031 824 1187 900 agendum.

137 919 311 980 Curandum
330 929 377 979 est
396 917 484 996 igitur
503 931 536 979 ut
556 918 734 996 cogitatione
754 920 795 979 ad
812 939 859 980 res
877 921 967 996 qiram
984 919 1111 997 optimas
1127 931 1190 979 uta·

135 1034 210 1089 mur,
224 1014 387 1092 appetitum
400 1014 507 1075 rationi
521 1015 731 1076 oboedientem
744 1017 944 1092 praebeamus.

15 1113 122 1164 XXVII
162 1110 351 1171 (Bcl.1³0⁶⁰f¹¹¹¹¹
450 1115 490 1173 Et
504 1112 646 1190 quoniam
668 1133 775 1191 magna
788 1112 833 1173 vis
847 1111 1020 1174 orationis
1034 1123 1079 1174 est
1093 1133 1189 1191 eaque

136 1161 350 1271 giiwziiseeiiilffi
389 1208 505 1284 duplex,
520 1210 612 1269 altera
624 1208 832 1282 contentionis,
847 1211 938 1268 altera
952 1209 1103 1283 sermonis,
1119 1228 1232 1269 con-10

135 1260 349 1354 effiqngraqnueon·
387 1305 481 1366 tentio
495 1305 758 1382 disceptationibus
771 1306 915 1367 tribuatur
924 1305 1109 1381 iudiciorum,
1120 1327 1190 1368 con·

135 1409 260 1480 tionum,
270 1415 407 1479 senatus3
424 1422 520 1464 sermo
531 1403 561 1462 in
572 1403 698 1477 circulis,
710 1403 966 1480 disputationibus,
978 1403 1190 1482 congressioni-

136 1504 191 1563 bus
204 1500 389 1563 familiarium
400 1511 537 1572 versetur,
549 1511 688 1576 sequatur
701 1498 791 1560 etiam
801 1499 954 1560 convivia:
991 1501 1189 1562 contentionis

134 1610 292 1677 praecepta
304 1601 454 1659 rhetorum
468 1608 545 1670 sunt,
560 1599 641 1656 nulla
655 1596 815 1656 sermonis:
836 1616 1017 1674 quamquam
1031 1598 1113 1658 haud
1126 1597 1188 1657 scio

135 1715 174 1755 an
193 1695 308 1773 possint
328 1697 403 1754 haec
424 1712 542 1770 quoque
563 1712 635 1753 esse
679 1693 739 1753 Sed
760 1692 938 1753 discentium
956 1692 1060 1753 studiis
1078 1693 1232 1768 inveni-15

134 1805 224 1854 untur
243 1791 381 1870 magistri,
403 1791 473 1851 huic
493 1802 592 1851 autem
613 1789 665 1867 qui
686 1791 825 1850 studeant
845 1802 913 1850 sunt
934 1791 1021 1854 nulli:
1037 1793 1187 1853 rhetorum

160 1914 347 1965 Ru1050s0m01y
384 1888 471 1948 turba
483 1889 588 1947 referta
607 1885 717 1948 omnia.
737 1887 926 1963 Quamquam
941 1906 1017 1964 quae
1030 1887 1186 1948 verborum

133 1965 347 2067 iiilicririiarffiff
384 1983 654 2058 sententiarumque
673 1993 831 2059 praecepta
850 1992 928 2055 sunt,
942 1982 1048 2042 eadem
1069 1982 1109 2041 ad
1129 2001 1188 2066 serf
1225 2033 1232 2045 .
1270 2010 1273 2015 ·

133 2066 243 2166 mim·
383 2102 504 2142 monem
517 2081 716 2160 pertinebunt.
775 2100 838 2157 133.
882 2081 943 2141 Sed
961 2100 1031 2140 cum
1045 2079 1186 2142 orationis

131 2177 262 2239 indicem
282 2198 387 2240 vocem
414 2181 586 2255 habeamus,
608 2180 640 2240 in
660 2200 735 2240 voce
762 2193 861 2241 autem
883 2181 944 2241 duo
965 2200 1132 2257 sequamur,
1154 2193 1185 2240 ut
1200 2207 1231 2240 κο

131 2278 210 2336 clara
222 2275 268 2349 sit,
284 2288 316 2336 ut
337 2276 442 2351 suavis,
457 2290 615 2356 utrumque
636 2279 759 2339 omnino
779 2299 798 2338 a
818 2290 920 2338 natura
937 2280 1101 2353 petundum
1124 2291 1168 2341 est
1178 2301 1187 2354 ;

130 2391 232 2432 verum
259 2374 383 2432 alterum
411 2375 580 2436 exercitatio
614 2376 742 2453 augebit,
770 2377 894 2435 alterum
927 2374 1061 2435 imitatio
1087 2395 1186 2453 presse

132 2467 317 2546 loquentium
338 2481 368 2530 et
389 2472 500 2533 leniter.
546 2472 630 2532 Nihil
651 2473 705 2532 fuit
725 2472 756 2531 in
778 2471 900 2547 Catulis,
911 2482 944 2530 ut
965 2491 1017 2532 eos
1031 2473 1186 2550 exquisito

384 2567 494 2629 iudicio
508 2579 626 2645 putares
645 2566 689 2626 uti
709 2566 878 2644 litterarum,
907 2586 1089 2644 quamquam
1103 2581 1186 2629 erant

385 2663 511 2738 litterati,
526 2664 581 2723 sed
594 2674 625 2722 et
638 2661 687 2723 alii
692 2681 702 2734 3
715 2663 746 2723 hi
770 2673 869 2723 autem
890 2662 1001 2740 optime
1022 2663 1066 2723 uti
1086 2663 1186 2743 lingua
1199 2688 1227 2733 25

384 2760 490 2822 Latina
510 2760 696 2837 putabantur.
748 2761 844 2820 Sonus
865 2771 926 2819 erat
947 2759 1050 2834 dulcis,
1072 2761 1186 2823 litterae

133 2877 230 2935 neque
248 2878 402 2936 expressae
423 2876 520 2934 neque
542 2876 707 2933 oppressae,
730 2875 768 2916 ne
789 2868 839 2916 aut
860 2857 1017 2917 obscurum
1037 2871 1116 2919 esset
1135 2871 1187 2920 aut

132 2955 280 3033 putidum3
294 2955 357 3016 sine
371 2953 561 3014 contentione
576 2973 634 3013 vox
657 2972 714 3012 nec
727 2955 870 3030 languens
885 2973 940 3013 nec
954 2972 1071 3034 canora
1105 2957 1187 3017 Ube-

133 3051 192 3112 rior
211 3051 304 3112 oratio
319 3054 352 3111 L.
370 3049 468 3112 Crassi
489 3069 545 3109 nec
565 3048 663 3108 minus
684 3050 788 3121 faceta,
811 3049 864 3108 sed
884 3049 961 3110 bene
982 3051 1126 3127 loquendi
1147 3054 1186 3113 de

133 3147 246 3208 Catulis
267 3145 368 3223 opinio
386 3165 447 3206 non
466 3145 569 3204 minor.
613 3147 679 3204 Sale
693 3164 763 3204 vero
782 3156 812 3203 et
826 3145 938 3204 facetiis
953 3148 1070 3220 Caesar,
1087 3149 1186 3208 Catuli
1198 3175 1228 3222 30

132 3243 221 3320 patris
241 3245 336 3315 frater,
351 3242 421 3302 vicit
440 3261 552 3314 omnes,
567 3252 600 3300 ut
620 3240 651 3299 in
672 3241 722 3300 illo
744 3240 808 3318 ipso
823 3241 930 3300 sorensi
943 3262 1050 3318 genere
1064 3243 1186 3304 dicendi

133 3339 338 3400 contentiones
353 3338 476 3397 aliorum
491 3356 626 3398 sermone
640 3336 777 3396 vinceret
822 3339 859 3396 In
874 3337 1011 3399 omnibus
1031 3338 1120 3417 igitur
1139 3340 1185 3401 his

133 3439 344 3499 elaborandum
378 3449 432 3512 est,
467 3437 492 3498 si
526 3436 557 3496 in
592 3436 673 3496 omni
704 3456 734 3497 re
762 3435 835 3512 quid
862 3438 966 3497 deceat
994 3437 1183 3514 exquirimus.

387 3556 451 3612 134.
508 3535 551 3596 Sit
585 3555 654 3612 ergo
684 3535 734 3594 hic
761 3555 867 3607 sermo,
896 3536 927 3595 in
955 3554 1015 3613 quo
1042 3537 1185 3597 Socratici

95 3685 97 3689 ,
134 3622 348 3725 ςζξῖζξζζζ-Ῑζξ“ἕω
384 3633 512 3694 maxime
539 3635 695 3706 excellunt,
724 3633 797 3692 lenis
825 3633 1007 3711 minimeque
1040 3637 1183 3712 pertinax,
1197 3657 1227 3706 35

384 3731 454 3792 insit
474 3731 505 3791 in
526 3750 563 3792 eo
584 3733 674 3808 lepos.
718 3732 785 3790 Nec
804 3751 881 3803 vero,
895 3743 1045 3810 tamquam
1065 3733 1098 3794 in
1118 3754 1186 3812 pos-

115 3827 284 3888 sessionem
305 3849 391 3892 suam
414 3829 535 3906 venerit,
549 3830 691 3894 excludat
710 3828 803 3906 alios,
830 3831 887 3892 sed
911 3850 984 3891 cum
1006 3831 1130 3907 reliquis
1152 3834 1188 3891 ‘m

159 2649 269 2692 instances
277 2649 302 2690 of
310 2663 347 2691 ex·

132 2701 210 2742 cellent
218 2700 324 2752 speakers.
