2580 4184
133 181 172 244 74
571 167 622 225 De
634 165 729 243 gloria
1025 159 1072 244 [11
1087 179 1122 224 xl
1138 163 1177 240 38

128 332 220 407 ciunt,
241 350 370 409 cumque
393 329 493 408 aliqua
513 328 549 390 iis
569 331 669 408 ampla
688 340 719 390 et
738 330 865 413 honesta
883 349 930 389 res
954 326 1071 389 obiecta
1098 338 1178 388 totos

129 428 169 489 ad
189 447 223 488 se
241 426 385 489 convertit
405 438 436 488 et
455 425 539 504 rapit,
554 437 618 486 tum
639 425 705 503 quis
726 445 787 486 non
808 424 968 485 admiretur
988 423 1179 503 splendorem

76 537 117 586 xl
129 524 438 604 pulchritudinemque
461 523 597 584 virtutis?
638 528 685 600 38.
716 526 795 600 Ergo
816 533 846 583 et
869 524 944 584 haec
968 521 1060 582 animi
1083 521 1181 598 despi-

377 620 485 682 cientia
505 620 762 681 admirabilitatem
786 639 924 697 magnam
948 619 1018 679 facit
1042 629 1072 680 et
1096 639 1181 678 max-

377 714 437 774 ime
458 713 575 787 iustitia‚
590 733 628 774 ex
641 732 702 790 qua
721 732 782 773 una
794 712 900 773 virtute
913 711 967 772 viri
987 711 1059 773 boni
1080 713 1180 789 appel·
1209 737 1223 789 5

128 807 233 881 lantur,
266 807 389 869 mirifica
420 811 567 887 quaedam
600 809 783 871 multitudini
814 808 938 881 videtur,
973 828 1029 869 nec
1063 807 1176 868 iniuria

129 903 229 963 Nemo
250 905 330 965 enim
350 905 443 966 iustus
464 925 529 967 esse
548 917 656 984 potest,
671 905 723 982 qui
744 916 878 979 mortem,
895 904 947 982 qui
967 906 1111 979 dolorem,
1127 904 1179 982 qui

129 998 257 1075 exilium,
279 1001 330 1079 qui
350 1013 511 1080 egestatem
531 1002 616 1063 timet
637 1013 688 1062 ant
710 1001 761 1078 qui
784 1021 828 1074 ea,
852 1020 929 1078 quae
952 1012 1021 1061 sunt
1042 999 1089 1060 his
1110 1020 1181 1061 con·

379 1098 473 1171 traria,
499 1097 640 1175 aequitati
666 1096 829 1174 anteponit.
874 1095 1064 1173 Maximeque
1087 1096 1179 1156 admi-

129 1175 343 1282 {23„b{s31022§j
380 1207 481 1256 rantur
500 1216 577 1274 eum,
587 1195 638 1272 qui
655 1194 782 1273 pecunia
801 1213 862 1254 non
876 1204 1020 1269 movetur,
1052 1194 1135 1270 quod
1148 1192 1178 1252 in
1194 1220 1222 1255 ιο

380 1313 440 1370 quo
461 1292 524 1354 viro
547 1304 736 1371 perspectum
761 1291 806 1365 sit,
828 1292 909 1350 hunc
933 1290 993 1368 igni
1013 1301 1178 1368 spectatum

130 1384 311 1450 arbitrantur.
356 1392 462 1467 Itaque
482 1390 532 1450 illa
552 1389 615 1463 tria,
630 1408 707 1467 quae
727 1387 879 1467 proposita
898 1399 967 1448 sunt
987 1389 1026 1447 ad
1046 1386 1177 1465 gloriam,

129 1519 211 1574 Μία,
235 1523 266 1575 b,
287 1524 346 1566 M
380 1489 482 1550 omnia
494 1488 632 1549 iustitia
645 1488 774 1564 conficit,
788 1500 819 1550 et
834 1486 1081 1562 benevolentiam,
1096 1489 1179 1564 quod

130 1575 273 1666 ξξζξξζζξῐξξ
283 1576 347 1669 ²¹¹¹}
380 1586 521 1662 prodesse
542 1587 604 1644 vult
627 1584 769 1663 plurimis,
791 1594 822 1645 et
844 1584 883 1644 ob
907 1584 1035 1644 eandem
1058 1603 1178 1643 causam

130 1672 203 1726 ⁰¹⁰¹*
380 1682 471 1742 fidem
492 1692 522 1742 et
541 1680 776 1755 admirationem,
792 1681 875 1757 quod
893 1699 943 1740 eas
960 1699 1006 1740 res
1025 1679 1136 1756 spernit
1149 1692 1178 1742 et
1195 1703 1219 1751 ¹5

130 1774 265 1852 neglegit,
280 1776 319 1837 ad
332 1797 406 1855 quas
419 1778 551 1857 plerique
565 1777 738 1838 inflammati
752 1777 891 1837 aviditate
904 1776 1063 1855 rapiuntur.

191 1889 237 1948 39.
280 1876 327 1933 Ac
345 1893 413 1935 mea
426 1875 548 1951 quidem
567 1873 713 1936 sententia
732 1873 828 1934 omnis
842 1873 917 1932 ratio
930 1884 1020 1950 atque
1034 1872 1178 1935 institutio

130 1965 207 2027 vitae
227 1968 400 2030 adiumenta
419 1971 576 2031 hominum
603 1970 760 2043 desiderat,
793 1968 994 2047 inprimisque,
1017 1980 1051 2030 ut
1070 1970 1179 2031 habeat

130 2064 308 2141 quibuscum
325 2066 419 2145 possit
438 2067 593 2128 familiares
612 2070 745 2128 conferre
760 2085 929 2127 sermones:
951 2067 1034 2143 quod
1047 2079 1093 2128 est
1106 2068 1179 2128 diffi-

129 2160 194 2236 cile,
210 2163 266 2223 nisi
280 2164 409 2241 speciem
423 2184 493 2242 prae
511 2175 542 2224 te
555 2163 627 2224 boni
644 2163 699 2224 viri
717 2165 799 2224 feras.
843 2166 922 2241 Ergo
940 2163 1030 2223 etiam
1047 2163 1177 2225 solitario
1190 2184 1220 2219 20

129 2261 244 2320 homini
263 2273 352 2338 atque
373 2262 404 2322 in
424 2282 494 2340 agro
512 2262 604 2323 vitam
624 2261 722 2339 agenti
743 2260 845 2340 opinio
865 2261 992 2322 iustitiae
1013 2261 1177 2322 necessaria

129 2368 182 2432 est,
197 2378 293 2435 eoque
314 2359 403 2419 etiam
423 2359 524 2437 magis,
540 2359 631 2435 quod,
647 2378 714 2419 eam
732 2358 758 2418 si
776 2377 837 2418 non
851 2358 1002 2419 habebunt
1016 2358 1176 2435 iniustique

129 2455 322 2529 habebuntur,
346 2455 433 2515 nullis
452 2455 605 2534 praesidiis
627 2454 721 2531 saepti
744 2454 844 2514 multis
868 2454 1031 2515 afficientur
1054 2454 1173 2516 iniuriis.

127 2598 340 2700 tamam
377 2556 613 2709 {tillidi
631 2555 1174 2727 titillet?”tillidi
1188 2666 1218 2717 2⁵

129 2711 183 2740 soris
203 2699 246 2741 and
268 2699 339 2740 condi·

128 2749 339 2850 ffissffbfigsandffiii
367 2748 487 2818 cantur,
502 2744 613 2806 iustitia
630 2747 669 2805 ad
687 2765 750 2806 rem
768 2747 928 2823 gerendam
943 2747 1106 2808 necessaria
1119 2760 1172 2822 est,

128 2850 341 2942 {ssffififfiffub
377 2842 460 2902 cuius
481 2854 563 2903 tanta
578 2842 621 2903 vis
640 2852 692 2916 est,
708 2854 741 2901 ut
760 2862 798 2903 ne
812 2841 854 2902 illi
868 2842 999 2919 quidem,
1015 2845 1066 2921 qui
1085 2848 1174 2906 male·

128 685 253 740 bilustioe.

377 2939 445 2999 ficio
466 2950 496 3000 et
516 2940 625 3000 scelere
644 2950 813 3017 pascuntur,
829 2940 943 3016 possint
961 2941 1024 3001 sine
1039 2944 1098 3002 ulla
1111 2962 1174 3019 par·

127 3034 218 3096 ticula
244 3036 369 3098 iustitiae
395 3037 501 3099 vivere.
552 3039 632 3097 Nam
659 3037 711 3114 qui
738 3057 841 3098 eorum
869 3039 1006 3117 cuipiam,
1034 3040 1087 3117 qui
1113 3061 1173 3101 una

127 3134 343 3209 latrocinantur,
359 3138 469 3196 furatur
489 3134 600 3213 aliquid
621 3147 671 3196 aut
692 3136 786 3214 eripit,
801 3137 825 3196 is
845 3137 900 3198 sibi
919 3158 957 3198 ne
974 3138 1005 3197 in
1019 3140 1172 3201 latrocinio
1187 3162 1218 3212 30

127 3229 250 3308 quidem
267 3230 405 3309 relinquit
418 3233 534 3306 locum3
552 3231 601 3291 ille
615 3243 724 3304 autem,
740 3232 792 3309 qui
805 3233 979 3310 archipirata
990 3234 1103 3310 dicitur,
1116 3235 1172 3296 nisi

125 3422 186 3466 stant
205 3417 288 3482 plures
308 3425 391 3482 partes
415 3418 498 3477 animi,
524 3425 547 3468 et
569 3420 649 3470 maior
672 3435 729 3484 pars
754 3420 839 3480 animi,
868 3437 919 3470 non
943 3422 1048 3472 maiores
1072 3430 1171 3488 partes:

126 3498 226 3547 maioris
244 3498 320 3562 partis
337 3499 432 3549 animos
452 3498 502 3548 cod.
519 3501 595 3551 Bern.
617 3517 637 3561 c,
660 3501 840 3565 Chapmannus
854 3508 877 3550 et
895 3504 932 3551 Be
947 3518 961 3552 e
977 3503 1047 3561 coni..
1064 3505 1173 3566 probant

125 3578 206 3627 Heine
217 3578 267 3627 Mu
290 3581 300 3635 11
345 3593 355 3627 1
385 3579 483 3629 obiecta
498 3587 536 3629 est
551 3582 632 3644 vulgo,
651 3581 749 3630 obiecta
767 3583 808 3630 Ba
822 3582 853 3630 St
867 3583 948 3631 Heine
964 3584 1005 3632 Lu
1024 3599 1080 3633 cum
1093 3586 1170 3636 er.

124 3671 139 3706 c
173 3661 183 3716 ll
220 3673 251 3707 rr
275 3657 358 3708 iniusti
369 3659 526 3711 habebuntur
536 3662 616 3724 vadgo,
626 3661 693 3725 quod
699 3663 828 3724 asyndeton
837 3662 913 3712 nimis
922 3663 1015 3713 iliarum
1024 3665 1173 3716 seclusemnt

124 3741 206 3790 Heine
211 3741 262 3789 Mu
270 3740 310 3788 Ba
316 3756 371 3788 cum
382 3741 515 3789 Facciolato
531 3747 561 3789 ut
575 3743 823 3806 interpretamentum,
832 3743 916 3794 iniusti
930 3744 1086 3796 habebuntur
1096 3754 1122 3797 et
1135 3749 1173 3798 Or

108 3821 230 3866 tumeat
239 3836 264 3878 a,
280 3821 419 3888 iniustique
428 3823 591 3876 habebuntur
602 3825 681 3876 Berm-
693 3841 714 3878 c.
