2580 4184
126 175 163 249 ⁷⁶
565 172 615 230 De
626 171 722 248 gloria
1006 167 1053 252 [II
1068 189 1115 231 xrr
1131 190 1171 250 43

122 343 335 437 ⁹}¹¹¹{¹2;,„,¹{,²⁸¹ffi
372 343 469 402 canda
489 341 602 403 ratione
625 353 679 405 est.
721 362 769 418 43.
808 343 997 421 Quamquam
1021 346 1171 423 praeclare

122 408 245 487 iurarem
373 440 507 499 Socrates
534 438 612 497 hanc
635 439 714 499 viam
741 441 781 500 ad
804 440 927 518 gloriam
950 440 1116 518 proximam
1139 455 1171 506 et

123 535 208 614 quasi
228 533 479 612 compendiariam
500 533 618 596 dicebat
638 555 712 609 esse,
727 536 753 597 si
766 537 832 614 quis
851 537 882 598 id
896 550 1003 615 ageret,
1018 550 1051 600 ut
1075 540 1171 616 qualis

122 631 224 694 haberi
244 634 332 693 vellet
363 631 429 691 talis
456 642 541 692 esset
584 633 677 708 Quod
701 632 726 694 si
748 633 800 710 qui
824 633 1011 696 simulatione
1035 646 1065 697 et
1089 636 1171 697 inani

122 729 320 794 ostentatione
340 740 370 790 et
389 731 459 790 ficto
478 748 539 790 non
557 731 650 789 modo
668 749 805 791 sermone
821 731 876 792 sed
896 730 985 792 etiam
1008 735 1090 793 voltu
1115 745 1172 794 sta·
1200 752 1215 802 s

122 827 213 888 bilem
236 845 269 886 se
295 824 418 904 gloriam
445 824 591 901 consequi
611 844 699 902 posse
720 837 829 899 rentur,
849 826 1040 887 vehementer
1063 839 1168 889 errant

121 925 200 984 Vera
220 922 312 1000 gloria
331 921 445 982 radices
466 921 526 999 agit
546 933 636 998 atque
656 921 747 982 etiam
764 933 951 1001 propagatur,
983 924 1053 983 ficta
1070 924 1172 986 omnia

121 1019 254 1081 celeriter
280 1031 433 1096 tamquam
460 1017 575 1077 flosculi
607 1017 759 1092 decidunt,
787 1037 844 1079 nec
875 1017 1046 1079 simulatum
1071 1031 1172 1098 potest

122 1116 282 1194 quicquam
302 1135 366 1176 esse
388 1113 568 1174 diuturnum.
610 1116 715 1175 Testes
734 1124 802 1174 sunt
817 1114 955 1192 permulti
969 1114 1000 1175 in
1014 1127 1171 1193 utramque

120 1224 244 1290 partem,
272 1211 326 1272 sed
357 1209 506 1271 brevitatis
538 1229 629 1270 causa
660 1209 772 1269 familia
803 1210 936 1271 contenti
965 1209 1074 1272 erimus
1102 1231 1168 1272 una
1186 1237 1215 1273 ιο

121 1308 257 1369 Tiberius
277 1307 358 1368 enim
379 1306 531 1367 Gracchus
558 1308 590 1366 P.
615 1306 633 1366 l
656 1316 717 1365 tam
738 1305 790 1366 diu
817 1305 991 1381 laudabitur,
1014 1309 1087 1368 dum
1111 1327 1172 1369 me-

120 1405 215 1466 moria
237 1424 334 1466 rerum
356 1406 562 1464 Romanarum
576 1403 727 1480 -manebit3
746 1414 777 1464 at
799 1401 862 1465 eius
883 1403 935 1464 filii
956 1424 1012 1465 nec
1032 1404 1091 1465 vivi
1105 1425 1170 1483 pro-

121 1502 267 1563 babantur
288 1498 375 1562 bonis
398 1509 429 1560 et
452 1498 562 1559 mortui
580 1518 738 1560 numemm
761 1499 897 1562 obtinent
920 1500 983 1562 iure
1007 1521 1168 1563 caesorum.

122 1597 184 1673 Qui
210 1596 297 1676 igitur
322 1593 446 1672 adipisci
472 1615 572 1656 veram
604 1594 727 1674 gloriam
754 1598 844 1669 volet,
873 1595 1001 1658 iustitiae
1032 1600 1171 1677 fungatur

123 1694 246 1757 officiis:
270 1713 307 1755 ea
326 1713 403 1771 quae
424 1703 530 1767 essent,
553 1692 666 1753 dictum
687 1705 732 1755 est
753 1692 784 1754 in
804 1694 879 1756 libro
900 1694 1057 1772 superiore.
1184 1717 1211 1766 1⁵

431 1809 479 1864 44.
502 1790 609 1863 Sed,ut
622 1789 761 1851 facillime
786 1791 888 1867 quales
902 1790 994 1852 simus
1017 1793 1091 1854 tales
1105 1813 1170 1856 esse

122 1891 238 1994 32¹⁰&ss
252 1889 333 1984 0ng
369 1885 532 1962 videamur,
555 1885 611 1948 etsi
634 1886 666 1947 in
689 1907 727 1949 eo
751 1887 816 1965 ipso
839 1887 883 1949 vis
907 1887 1037 1949 maxima
1059 1900 1113 1964 est,
1137 1902 1170 1952 ut

121 1973 331 2036 neumarum
371 1983 463 2044 simus
489 1982 519 2057 ii,
535 1983 587 2061 qui
613 1983 715 2045 haberi
738 1985 871 2059 velimus,
896 1996 996 2046 tamen
1021 1989 1169 2063 quaedam

370 2091 527 2159 praecepta
545 2081 646 2166 danda
663 2091 739 2142 sunt.
782 2083 862 2141 Nam
876 2080 901 2142 si
915 2081 981 2159 quis
995 2084 1033 2144 ab
1047 2083 1168 2146 ineunte

122 2189 217 2239 aetate
237 2177 327 2238 habet
347 2192 468 2236 causam
488 2176 665 2237 celebritatis
683 2187 713 2238 et
731 2177 860 2239 nominis
874 2189 925 2239 aut
938 2198 957 2238 a
969 2190 1052 2257 patre
1065 2200 1168 2260 accep
1180 2200 1211 2235 20

121 2287 191 2350 tam,
207 2277 290 2352 quod
310 2274 372 2349 tibi,
391 2274 433 2334 mi
454 2274 568 2348 Cicero,
583 2273 707 2334 arbitror
725 2273 891 2353 contigisse,
906 2286 957 2335 aut
976 2275 1077 2354 aliquo
1097 2297 1168 2338 casu

121 2383 211 2448 atque
235 2373 360 2442 fortuna,
384 2368 414 2429 in
438 2370 519 2429 hunc
543 2369 622 2430 oculi
649 2368 784 2430 omnium
811 2369 998 2431 coniciuntur
1020 2382 1110 2448 atque
1136 2371 1167 2432 in

122 2489 200 2544 eum,
212 2468 286 2546 quid
299 2479 374 2546 agat,
384 2467 640 2545 quemadmodum
653 2466 732 2528 vivat
751 2466 911 2545 inquiritur,
919 2479 950 2529 et
969 2479 1122 2546 tamquam
1135 2469 1167 2530 in

121 2565 280 2626 clarissima
300 2566 367 2624 luce
384 2573 523 2637 versetur,
538 2561 580 2622 ita
600 2565 714 2623 nullum
735 2563 893 2624 obscurum
913 2574 1011 2640 potest
1031 2584 1087 2626 nec
1108 2564 1168 2626 dic·
1242 2549 1247 2557 ’

120 2674 185 2724 tum
206 2661 269 2723 eius
293 2679 359 2722 esse
382 2678 439 2719 nec
460 2660 580 2720 sactum.
623 2675 670 2736 45.
694 2661 830 2735 Quorum
851 2671 952 2721 autem
971 2660 1067 2739 prima
1086 2672 1166 2722 aetas
1179 2686 1208 2735 25

119 2770 239 2837 propter
258 2756 455 2818 humilitatem
476 2768 506 2818 et
527 2757 737 2819 obscuritatem
754 2757 786 2818 in
806 2758 963 2818 hominum
983 2758 1166 2836 ignoratione

119 2869 257 2931 versatur,
279 2855 307 2931 ii,
330 2855 474 2916 simulac
494 2854 614 2917 iuvenes
635 2875 700 2917 esse
720 2867 890 2934 coeperunt,
907 2875 1015 2934 magna
1034 2867 1166 2933 spectare

120 2964 151 3014 et
170 2954 210 3013 ad
229 2972 266 3014 ea
284 2952 371 3014 rectis
392 2951 496 3013 studiis
517 2953 629 3014 debent
650 2954 848 3015 contendere:
872 2954 956 3030 quod
976 2972 1014 3013 eo
1037 2952 1166 3014 firmiore

367 3048 467 3111 animo
490 3049 607 3124 sacient,
630 3049 701 3128 quia
727 3069 789 3111 non
816 3050 909 3110 modo
933 3067 994 3108 non
1017 3047 1166 3110 invidetur

120 3146 191 3239 32¹5?
199 3146 333 3240 thgffidgss·
370 3144 412 3204 illi
443 3145 541 3220 aetati,
572 3165 675 3207 verum
706 3144 797 3206 etiam
824 3147 944 3206 favetur.
995 3145 1094 3206 Prima
1120 3157 1165 3208 est
1177 3164 1209 3213 30

119 3248 192 3341 {1333
200 3261 282 3340 iffi·
304 3229 333 3300 bi
370 3240 457 3319 igitur
478 3241 662 3303 adulescenti
683 3240 904 3303 commendatio
924 3242 963 3301 ad
986 3241 1117 3320 gloriam,
1139 3242 1164 3303 si

273 3328 280 3350 '
369 3356 429 3414 qua
451 3358 493 3399 ex
518 3338 659 3400 bellicis
686 3338 790 3399 rebus
817 3337 981 3414 comparari
1003 3349 1110 3415 potest,
1132 3338 1164 3398 in

119 3450 179 3509 qua
196 3432 282 3494 multi
300 3434 381 3511 apud
398 3434 524 3496 maiores
543 3447 658 3496 nostros
678 3434 851 3495 extitemnt:
875 3453 991 3510 semper
1004 3434 1085 3495 enim
1102 3437 1163 3497 sere

119 3530 197 3592 bella
216 3531 398 3611 gerebantur.
441 3534 508 3592 Tua
525 3545 624 3593 autem
640 3543 722 3593 aetas
735 3531 840 3592 incidit
853 3530 884 3590 in
897 3530 930 3591 id
942 3532 1063 3604 bellum,
1077 3531 1162 3593 cuius

118 3627 210 3686 altera
235 3646 302 3704 pars
329 3625 447 3687 sceleris
473 3627 599 3687 nimium
626 3627 737 3702 habuit,
762 3628 853 3687 altera
879 3626 1024 3687 felicitatis
1047 3647 1160 3705 parum.
1174 3644 1207 3696 35·

120 3720 190 3795 Quo
216 3733 317 3783 tamen
343 3722 375 3784 in
398 3725 486 3798 bello,
509 3743 579 3784 cum
602 3735 632 3785 te
654 3723 814 3801 Pompeius
836 3723 900 3783 alae
924 3719 1030 3805 [alteri]
1052 3728 1162 3802 praele-

248 3832 290 3894 36
299 3833 376 3884 alteri
384 3835 499 3886 codicum
508 3837 553 3889 del.
568 3837 630 3889 edd:
646 3838 703 3890 alae
713 3837 785 3889 veliti
795 3838 859 3890 coni.
872 3837 1008 3889 Sabbodiai
