2580 4184
134 191 192 247 124
384 172 435 235 De
452 174 622 234 contentione
641 175 768 236 Honesti
781 181 811 235 et
835 176 922 236 Utt'lt‘r
995 171 1121 256 [Illxx
1136 175 1173 234 82

132 352 166 400 ut
180 341 277 401 Mario
290 341 454 419 praeripere
467 343 588 421 collegis
601 354 632 404 et
645 343 768 405 tribunis
777 344 858 422 plebi
871 345 1043 422 popularem
1057 343 1179 419 gratiam

132 457 194 498 non
218 438 260 498 ita
283 449 376 516 turpe,
397 443 553 500 consulem
581 443 621 501 ob
649 461 716 501 eam
742 461 806 502 rem
832 440 903 513 fieri,
933 442 1016 517 quod
1037 440 1093 502 sibi
1116 452 1180 502 tum

158 594 218 624 surr
247 583 280 625 ror
308 597 347 624 our
383 549 584 614 proposuerat,
612 539 700 599 valde
728 538 800 599 utile
826 537 987 598 videbatur.
1031 539 1092 599 Sed
1119 557 1181 598 om·

131 635 348 724 scgsiggnffnjgnfflg
385 634 467 694 nium
500 655 561 694 una
594 637 695 712 regula
718 647 772 708 est,
801 654 891 712 quam
918 634 972 695 tibi
1000 635 1088 712 cupio
1115 655 1180 697 esse

131 748 195 824 3¹1?ss
197 734 217 824 rb
240 735 345 825 ‘stiffi
382 731 579 793 notissimam:
600 745 651 793 aut
669 733 751 807 illud,
766 735 849 810 quod
867 732 939 795 utile
956 733 1080 808 videtur,
1095 745 1179 812 turpe
1209 766 1224 813 5

132 834 347 934 {ldll‘⁰1?l?ll{
384 850 422 890 ne
443 829 488 902 sit,
504 841 562 902 aut,
579 830 604 890 si
624 842 709 908 turpe
730 843 784 904 est,
800 851 839 891 ne
858 830 993 891 videatur
1013 851 1077 891 esse
1097 832 1178 892 utile.

132 946 175 1026 {ff
243 934 300 976 what
330 935 348 976 it
385 927 468 1002 Quid
494 927 603 1005 igitur?
636 946 831 1005 possumusne
861 939 912 988 aut
938 928 1022 987 illum
1052 928 1180 989 Marium

168 998 188 1036 γ’
383 1025 476 1085 virum
491 1026 604 1087 bonum
612 1025 742 1086 iudicare
756 1037 807 1085 aut
817 1026 915 1084 hunc?
956 1025 1079 1103 Explica
1092 1039 1180 1104 atque

133 1129 237 1180 excute
257 1117 487 1198 intellegentiam
507 1132 599 1195 tuam,
613 1133 647 1182 ut
666 1121 768 1182 videas
788 1141 864 1198 quae
885 1120 922 1182 sit
942 1120 973 1181 in
992 1142 1028 1183 ea
1043 1120 1179 1202 [species]

134 1217 228 1275 sonna
241 1226 272 1277 et
285 1216 368 1276 notio
381 1216 435 1276 viri
449 1216 528 1277 boni
573 1217 663 1279 Cadit
681 1237 750 1295 ergo
766 1216 799 1277 in
816 1217 912 1277 virum
930 1218 1043 1278 bonum
1063 1218 1180 1277 mentiri
1196 1247 1224 1282 10

134 1313 327 1373 emolumenti
346 1311 393 1373 sui
419 1333 516 1387 causa,
539 1313 695 1388 criminari,
723 1313 897 1391 praeripere,
926 1317 1043 1376 fallere?
1097 1314 1181 1374 Nihil

158 1443 352 1486 mmm,
386 1411 519 1486 profecto
540 1409 645 1470 minus.
696 1413 743 1469 82.
781 1412 835 1470 Est
856 1429 925 1488 ergo
951 1412 1012 1470 ulla
1035 1429 1080 1470 res
1106 1409 1181 1470 tanti

132 1496 347 1595 {ffllyessssffihfflj
384 1519 436 1567 aut
457 1508 649 1566 commodum
668 1508 762 1567 ullum
783 1518 845 1567 tam
859 1509 1066 1585 expetendum,
1081 1518 1114 1567 ut
1127 1505 1181 1567 viri

133 1595 194 1637 *Μ
202 1595 279 1647 ‘ffinssl
385 1603 457 1665 boni
479 1616 508 1664 et
528 1605 716 1682 splendorem
737 1616 767 1664 et
787 1623 899 1664 nornen
919 1605 1054 1665 amittas?
1099 1603 1180 1679 Quid

136 1711 181 1762 est
209 1701 292 1778 quod
318 1702 432 1762 adferre
459 1712 575 1761 tantum
602 1701 711 1762 utilitas
738 1701 802 1776 ista,
831 1721 907 1778 quae
935 1701 1048 1776 dicitur,
1077 1701 1178 1779 possit,
1195 1723 1223 1772 15

135 1809 279 1874 quantum
306 1799 427 1871 auferre,
450 1797 476 1858 si
504 1796 576 1857 boni
602 1796 657 1856 uiri
683 1815 793 1858 nomen
820 1797 965 1874 eripuerit,
987 1798 1078 1856 fidem
1102 1796 1182 1856 iusti-

134 1894 265 1971 tiamque
293 1893 467 1954 detraxerit?
508 1893 590 1968 Quid
617 1893 697 1954 enim
724 1893 844 1954 interest
871 1904 968 1953 utrum
995 1913 1033 1954 ex
1059 1893 1180 1954 homine

135 2009 167 2050 se
187 2001 340 2050 convertat
360 1987 427 2067 quis
447 1988 479 2048 in
499 1989 618 2049 beluam
642 2006 681 2047 an
708 1988 837 2049 hominis
864 1990 957 2066 figura
975 1988 1180 2049 inmanitatem

134 2097 215 2164 gerat
228 2087 351 2148 beluae?

53 2185 121 2235 XXI
159 2241 207 2282 me
219 2241 263 2282 reat
280 2241 349 2282 dim,-
446 2184 545 2263 Quid?
566 2184 616 2264 qui
631 2184 731 2247 omnia
743 2196 862 2247 rectaet
875 2194 1000 2246 honesta
1012 2186 1178 2262 neglegunt,
1194 2206 1225 2241 πο

133 2301 349 2382 ffisesaetowffiffi
386 2282 460 2342 dum
487 2284 579 2344 modo
605 2282 802 2362 potentiam
829 2293 1055 2359 consequantur,
1079 2300 1180 2341 nonne

133 2392 350 2492 ssssgllffi⁰il⁰lssf
386 2379 467 2439 idem
478 2380 589 2441 faciunt
603 2382 685 2458 quod
698 2380 732 2454 is,
748 2379 799 2457 qui
814 2379 903 2440 etiam
922 2399 1056 2440 socerum
1070 2379 1179 2440 habere

131 2490 246 2582 {iiiiii
262 2503 349 2581 &2232
386 2475 479 2536 voluit
506 2496 583 2550 eum,
608 2477 692 2537 cuius
719 2477 782 2553 ipse
809 2475 934 2536 audacia
955 2487 1061 2553 potens
1084 2477 1180 2536 esset?

134 2602 205 2632 sance
226 2591 251 2632 or
269 2601 347 2632 nunus
385 2572 467 2633 Utile
488 2572 516 2633 ei
536 2573 690 2633 videbatur
709 2571 867 2650 plurimum
888 2592 975 2650 posse
995 2571 1112 2633 alterius
1138 2571 1182 2631 in·

133 2653 228 2682 cxrsxx.
384 2667 471 2728 vidia
514 2670 552 2729 Id
574 2688 664 2746 quarn
684 2668 826 2729 iniustum
845 2668 876 2728 in
896 2668 1019 2746 patriam
1039 2681 1069 2730 et
1090 2688 1223 2747 quamns

133 2777 217 2843 turpe
238 2763 281 2847 [et
299 2784 389 2842 quam
407 2762 522 2844 inutile]
543 2770 698 2825 esset'non
716 2765 844 2826 videbat.
889 2768 957 2842 Ipse
976 2777 1076 2827 autem
1097 2784 1182 2826 socer

160 2897 208 2938 The
245 2897 349 2988 Konope
387 2860 417 2920 in
432 2879 482 2921 ore
496 2880 612 2939 semper
626 2863 755 2922 Graecos
769 2881 869 2922 versus
888 2863 927 2923 de
947 2862 1117 2923 Phoenissis
1130 2864 1182 2922 ha·

133 2948 348 3042 ffissgcffitgffllsslglg}
386 2957 484 3030 bebat,
500 2977 576 3035 quos
590 2957 688 3018 dicam
701 2969 734 3018 ut
748 2970 860 3035 potem,
881 2957 1034 3019 incondite
1048 2961 1179 3034 sortasse,

133 3048 261 3092 ammoto
385 3054 437 3114 sed
451 3065 551 3115 tamen
564 3065 598 3115 ut
611 3074 657 3115 res
671 3055 763 3133 possit
777 3054 919 3133 intellegi:

327 3165 398 3214 Nam
413 3166 438 3216 st
450 3167 594 3217 violandum
609 3175 644 3217 est
659 3168 707 3229 ints,
725 3169 848 3231 regnandi
859 3169 945 3232 grdtia
1192 3170 1224 3220 30

326 3245 471 3298 ve'oldndnnr
486 3256 535 3300 est:
550 3250 608 3299 alin
624 3248 693 3299 rtbns
703 3249 819 3314 pietatem
834 3252 906 3299 colos.

182 3380 198 3431 9
219 3372 266 3415 ont
279 3366 374 3432 species
389 3374 436 3416 ant
448 3367 528 3418 forma
542 3369 675 3420 et'ceendm
689 3385 738 3419 esse
756 3370 837 3419 docent
850 3372 960 3437 Madvig
974 3373 1059 3437 Opusc.
1078 3374 1182 3423 Acade

128 3455 157 3513 p.
166 3465 220 3514 337,
230 3451 461 3501 sormaseclnserunt
470 3451 512 3500 Bo
521 3451 570 3512 Lu,
583 3452 677 3516 species
687 3452 762 3500 Klotz
773 3452 853 3500 Heine
888 3456 898 3512 ΙΙ
934 3453 966 3503 26
980 3455 1053 3503 verba
1068 3463 1093 3504 et
1103 3470 1179 3520 quam

134 3530 221 3580 inutile
235 3532 325 3580 omissa
335 3531 364 3580 e'n
378 3530 475 3594 optimis
488 3531 554 3580 codd.
569 3533 718 3581 secluserunt
731 3532 772 3581 Ba
784 3533 872 3591 Heine,
886 3534 968 3584 emerit
981 3536 1012 3583 St
1022 3535 1067 3599 qni
1077 3536 1180 3585 adnotat

137 3611 278 3659 ‘Sententia
294 3611 341 3660 loci
353 3609 446 3658 emersis
461 3610 513 3659 illis
528 3612 606 3661 verbis
616 3612 722 3675 gravior
736 3612 813 3660 multo
826 3612 870 3676 fit,
888 3629 944 3661 cnm
959 3629 991 3662 en
1005 3630 1031 3663 eo
1048 3615 1099 3678 ipso
1116 3615 1182 3677 quod

132 3692 251 3741 iniustum
265 3699 288 3741 et
303 3699 374 3756 turpe
384 3698 424 3753 ert,
437 3693 527 3741 eluceat
539 3692 615 3742 etiam
626 3692 713 3742 inutile
727 3707 775 3742 esse
783 3691 881 3740 eteomsi
893 3708 944 3741 non
957 3693 1016 3756 ῥυεὶς
1025 3693 1104 3742 verbis
1113 3693 1178 3742 dno·

125 3781 181 3819 nm
213 3773 289 3820 Nam
301 3773 396 3822 sicum
410 3772 440 3821 ni
450 3774 559 3837 quodam
577 3774 657 3824 Cicero
671 3773 757 3822 adden
769 3773 883 3823 voluisset
892 3781 917 3823 et
929 3789 1003 3839 quam
1014 3773 1108 3834 inutile,
1127 3789 1178 3822 non

109 3863 188 3912 quarn
203 3851 329 3904 iniustum
344 3855 395 3906 sed
405 3863 431 3907 et
446 3871 523 3924 quam
541 3858 663 3912 iniustum
680 3853 791 3909 dixisset
