2580 4184
180 822 253 873 ...De
274 822 472 890 officiisqnae
483 823 620 878 .volumina
639 823 780 884 ediscenda,
796 839 855 874 non
870 823 955 874 modn
965 823 1131 878 ‚in-manibus

128 902 219 952 cotidie
229 902 349 953 habenda·
354 905 539 973 nosti-,rma
550 905 653 1010 praefat.
668 912 720 956 nat
732 905 789 1004 hist.
803 909 817 968 ς
829 922 870 956 rr.

177 1027 246 1091 Quid
262 1029 330 1078 aliis
337 1029 435 1078 accidat
452 1029 555 1090 neseio;
572 1046 613 1079 me
630 1029 792 1094 legentem
766 1046 808 1080 src
825 1029 921 1080 afficere
937 1030 1000 1081 solet
1012 1032 1050 1082 Μ
1062 1032 1130 1082 T·ul

126 1107 195 1166 lius,
207 1110 350 1173 praesertim
367 1110 410 1159 ubi
427 1111 459 1160 de
474 1112 540 1161 bene
556 1107 664 1175 vivendo
680 1111 787 1178 disserit,
798 1118 826 1162 nt
842 1112 955 1183 dubitare
966 1129 1017 1162 non
1028 1113 1129 1178 possim,

126 1189 188 1254 quin
209 1190 272 1240 illud
293 1195 396 1256 pectus
401 1176 469 1242 uiide
479 1192 537 1257 ista
559 1192 717 1257 prodierunt
726 1171 810 1256 aliqua
826 1174 953 1265 divinitas
945 1193 1130 1270 occuparit.—

126 1281 255 1320 ERAstrus
266 1286 328 1338 ep.
320 1272 353 1320 ad
364 1271 486 1320 Ioannem
498 1253 655 1351 Ulattenum.

735 1342 842 1459 opor
860 1330 940 1396 'o
958 1296 1016 1376 l·
1011 1319 1055 1395 t}

176 1401 219 1452 Sic
236 1418 277 1451 me
295 1373 378 1452 totum
393 1388 558 1469 inflammavit
576 1388 609 1452 ad
618 1393 751 1531 heopessr
734 1419 750 1457 v
766 1401 892 1469 tutisque
896 1404 1014 1473 studium.
1027 1412 1055 1454 ut
1066 1405 1128 1454 iam-

126 1478 224 1544 pridem
244 1481 308 1530 nihil
328 1481 379 1531 tale
398 1481 524 1538 senserim,
543 1488 637 1531 nostrat
653 1483 806 1546 squosdam
822 1483 959 1533 neotericos
976 1483 1069 1547 legens,
1085 1483 1128 1548 qui

128 1562 263 1613 Christiani
281 1562 437 1612 Christianae
455 1552 766 1628 philostrffife—rfiysteria
784 1563 930 1628 profitentur
949 1572 974 1615 et
990 1565 1078 1614 iisdem
1095 1567 1127 1615 de

127 1644 200 1693 rebus
214 1659 314 1706 magna,
327 1650 355 1694 ut
372 1644 445 1694 nobis
462 1644 566 1704 videtur,
585 1643 722 1693 subtilitate
738 1644 860 1694 disserunt
875 1644 919 1693 sed
935 1660 1013 1709 aeque
1029 1646 1126 1710 frigide.

128 1737 200 1774 mnu
211 1725 244 1773 ad
256 1724 342 1774 Iacob.
354 1725 474 1774 Tutorem
485 1725 565 1789 praef.
576 1725 609 1774 ad
620 1725 660 1774 ed.
672 1725 754 1789 Lugd.
770 1739 838 1790 1557.

175 1857 232 1906 Hos
247 1871 294 1921 ego
310 1857 387 1906 libros
404 1855 539 1913 Ciceronis,
556 1854 578 1905 si
594 1871 657 1920 quos
673 1855 743 1914 alios,
760 1856 849 1921 dignos
865 1872 955 1908 censeo
971 1857 1014 1924 qui
1030 1859 1125 1910 adules-

127 1938 229 1988 centulis
250 1937 276 1988 in
299 1937 390 1988 scholis
411 1937 712 2002 explicentur...Delectat
731 1938 798 1987 enim
817 1940 938 2004 propositi
956 1940 1041 2005 ipsius,
1058 1943 1125 2006 quod

126 2033 211 2068 omnes
231 2019 297 2069 vitae
319 2026 402 2083 partes
418 2018 621 2082 comprehendat,
639 2019 785 2083 amplitudo,
805 2020 910 2069 varietas
926 2029 1122 2085 praeceptorum,

126 2112 222 2161 semper
231 2097 399 2157 honestorum,
414 2099 459 2148 sed
469 2113 544 2162 saepe
555 2099 631 2147 etiam
642 2106 713 2149 acute
729 2099 761 2147 ad
772 2099 850 2148 vitam
866 2107 933 2149 recte
949 2101 1124 2153 instituendam

127 2177 320 2241 excogitatorum
332 2177 419 2238 (veluti
430 2178 513 2226 locum
524 2178 556 2227 de
566 2178 694 2228 beneficiis
711 2179 866 2229 conferendis
877 2180 921 2228 lib.
934 2192 955 2229 11
967 2194 988 2230 c.
1003 2195 1035 2231 ao
1045 2181 1124 2231 admi-

128 2256 230 2305 rabilem
241 2255 349 2318 iudico):
366 2257 474 2307 delectat
485 2258 547 2307 ordo
562 2274 644 2308 rerum
661 2268 774 2308 accurate
789 2267 915 2310 servatus:
932 2261 1039 2311 delectat
1049 2262 1123 2312 etiarn

127 2351 208 2385 rerum
219 2337 387 2387 Romanarum
398 2338 615 2403 institutorumque
631 2339 769 2402 patriorum
785 2338 900 2403 frequens
911 2342 1120 2403 commemoratio,

126 2428 161 2477 ut,
173 2420 284 2485 quamvis
295 2420 388 2469 utilitas
399 2428 587 2485 praeceptorum
598 2421 720 2485 generalis
731 2421 771 2478 sit,
783 2427 867 2470 tamen
882 2421 956 2470 simul
966 2422 1043 2472 etiam
1053 2423 1122 2488 peni·

126 2512 164 2552 tus
183 2503 324 2567 cognitione
344 2503 497 2567 antiquitatis
517 2503 637 2552 imbuare.
671 2502 759 2553 Sermo
777 2503 875 2552 excellit
891 2504 998 2568 eleganti
1015 2505 1122 2568 quadarn

125 2584 250 2648 gravitate,
265 2592 293 2634 ut
304 2584 377 2634 facile
387 2600 471 2634 senem
483 2585 637 2634 consularem
648 2601 705 2634 eum
716 2585 776 2645 filio,
787 2586 856 2636 euius
867 2601 940 2635 eausa
951 2588 1035 2636 omnia
1044 2589 1121 2653 cupit,

125 2666 232 2731 colloqui
249 2667 341 2716 sentias
351 2681 359 2724 ι
376 2673 484 2715 remotus
503 2673 539 2715 est
557 2665 599 2716 ille
619 2667 719 2730 quidem
738 2683 753 2715 a
772 2666 838 2716 laeta
858 2667 978 2725 ubertate,
998 2683 1073 2732 quam
1095 2669 1122 2719 in

125 2748 284 2808 orationibus,
303 2749 434 2812 praecipue
450 2746 569 2804 Verrinis.
586 2747 722 2796 admiratur
738 2746 859 2807 iuventus
878 2762 976 2810 quaque
992 2762 1043 2796 non
1060 2749 1120 2798 diffi-

125 2836 178 2879 teor
187 2829 214 2878 in
230 2829 317 2894 primis
333 2827 366 2876 ali
382 2827 538 2893 eloquentiae
554 2829 681 2892 quoddam
696 2827 801 2876 Latinae
817 2827 944 2888 studium3
960 2828 1004 2876 sed
1015 2829 1120 2878 admira·

124 2912 180 2961 bilis
191 2919 228 2961 est
238 2910 314 2960 etiam
324 2909 386 2959 haec
397 2910 514 2959 adstricta
521 2911 656 2970 maturitas,
667 2925 730 2974 quae
739 2909 802 2959 sicut
812 2907 875 2957 nihil
886 2907 961 2957 habet
969 2908 1121 2960 luxuriosum

125 3007 154 3040 ac
169 2990 318 3046 redundans,
330 2989 366 3038 ita
380 2988 412 3038 ab
429 2990 571 3040 austeritate
580 2983 613 3042 ¹et
629 2990 741 3041 siccitate
756 2988 899 3052 longissime
915 2988 993 3038 abest.
1026 3000 1121 3039 zunrr

124 3073 200 3139 praef.
211 3072 245 3122 ad
255 3071 296 3122 ed.
308 3070 367 3120 min
382 3086 405 3136 p.
420 3071 454 3121 vi.
