2580 4184
145 210 183 266 24
368 195 413 254 De
430 197 511 255 terlio
529 188 613 271 ffcii
621 195 707 273 fonte
722 200 783 257 sive
800 198 978 259 fihrtitudr'ne
1013 197 1042 282 [I
1058 219 1138 262 xvru
1154 195 1192 262 6'2

184 391 323 435 ponium,
393 364 449 424 sita
472 365 531 426 sint
568 387 675 445 genera
702 380 848 445 quattuor,
876 371 1024 447 equibus
1051 372 1191 434 honestas

89 503 92 510 .
156 468 349 561 vagg-9²2&
395 461 584 540 officiumque
618 476 758 538 manaret,
787 467 1059 542 splendidissimum
1089 469 1192 545 videri,

169 557 191 599 1t
200 559 217 599 is
226 572 283 600 more
294 559 358 609 glori·
393 562 476 638 quod
497 561 598 622 animo
621 581 730 640 magno
751 564 890 640 elatoque
916 565 1122 645 humanasque
1144 586 1190 628 res

144 621 183 649 ons
194 608 215 649 in
228 609 263 649 the
275 610 359 650 estima-

144 659 194 750 {ffi
202 658 356 759 ⁰{„¹}¹⁰0”s'⁰',¹fi¹g
392 657 574 734 despiciente
588 661 699 719 sactum
713 658 757 720 sit.
770 662 876 736 Itaque
890 659 921 719 in
934 661 1049 740 probris
1062 665 1192 725 maxime

144 759 204 801 0t¹²=r
212 758 278 802 aree.
354 793 357 797 <
393 759 424 821 in
437 769 576 836 promptu
590 769 643 830 est,
658 756 683 817 si
697 756 771 833 quid
785 757 843 817 tale
857 756 916 816 dici
929 768 1047 834 potest:
1223 770 1238 820 5

240 873 286 923 Vos
300 874 366 924 enirn
382 875 479 923 iuvems
493 869 608 920 ttaimum
621 869 707 934 geritis
722 867 871 950 mdliebrenr,
890 868 936 918 {lla
951 869 1023 935 virgo
1035 871 1094 934 viri,

106 987 109 991 ’
143 1001 172 1049 et
188 986 212 1047 si
227 987 300 1064 quid
313 985 480 1048 eiusmodi:

368 1097 516 1154 Salmdcida,
525 1096 600 1160 spolriz
615 1091 670 1144 rim
684 1096 770 1145 sudore
784 1103 808 1144 et
823 1094 949 1160 sdngur‘ne,

204 1197 375 1273 Contraque
395 1195 427 1255 in
447 1195 593 1266 laudibus,
616 1213 692 1270 quae
713 1213 821 1270 magno
842 1194 943 1254 animo
965 1193 1077 1254 sortiter
1097 1198 1192 1256 excel-

143 1294 297 1370 lenterque
317 1306 399 1370 gesta
419 1303 496 1365 sunt,
512 1311 547 1352 ea
567 1291 668 1351 nescio
689 1310 750 1367 quo
771 1292 864 1351 modo
884 1291 968 1368 quasi
988 1292 1120 1370 pleniore
1141 1312 1191 1353 ore
1207 1317 1239 1352 ιο

143 1393 307 1452 laudamus.
351 1392 434 1452 Hinc
451 1393 603 1452 rhetorum
624 1409 746 1466 campus
767 1390 805 1463 de
827 1392 1003 1452 Marathone
1034 1391 1191 1467 Salamine,

144 1485 270 1547 Plataeis
294 1485 509 1562 Thermopylis,
525 1484 666 1558 Leuctris,
682 1485 752 1544 hinc
766 1496 865 1546 noster
879 1487 995 1559 Cocles,
1010 1485 1080 1547 hinc
1094 1486 1190 1560 Decii,

143 1583 214 1643 hinc
236 1584 292 1643 Cn.
315 1593 345 1641 et
368 1584 399 1640 Ρ.
424 1581 586 1658 Scipiones,
609 1581 679 1641 hinc
705 1583 748 1640 M.
772 1583 940 1657 Marcellus,
962 1581 1191 1645 innumerabiles

143 1679 200 1753 alii,
229 1678 415 1754 maximeque
442 1677 506 1754 ipse
529 1680 657 1755 populus
685 1679 842 1738 Romanus
869 1677 960 1738 animi
986 1681 1190 1758 magnitudine

142 1775 267 1837 excellit.
324 1777 497 1835 Declaratur
529 1787 629 1835 autern
653 1774 784 1834 studium
811 1775 934 1853 bellicae
960 1776 1079 1854 gloriae3
1107 1781 1262 1856 quod15·

142 1886 252 1935 statuas
267 1893 387 1952 quoque
400 1873 536 1935 videmus
551 1883 654 1933 ornatu
669 1875 728 1932 sere
743 1871 867 1934 militari

63 1978 129 2028 xlx
168 1997 277 2039 pompa,
298 2005 354 2038 mu„
451 1973 498 2032 62.
541 1971 599 2030 Sed
622 1988 658 2029 ea
681 1967 772 2057 animi
796 1969 894 2043 elatio,
909 1990 985 2047 quae
1007 1969 1136 2032 cernitur
1156 1970 1188 2034 in

141 2047 191 2139 bip,
205 2048 355 2158 ’ξξζέἶρῗὲξὲ
389 2067 525 2145 periculis
539 2079 569 2128 et
582 2067 739 2140 laboribuS,
754 2066 779 2126 si
792 2065 901 2127 iustitia
915 2081 999 2128 vacat
1016 2082 1188 2148 pugnatque

140 2148 354 2244 fiffi¹i{³0⁰⁵²1„¹',²,d{,⁵„³,]
391 2183 453 2223 non
476 2183 531 2241 pro
552 2164 646 2224 salute
673 2158 835 2236 communi,
859 2164 914 2223 sed
939 2183 993 2241 pro
1021 2164 1080 2226 suis
1107 2186 1188 2228 corn-

138 2248 356 2339 ffiodtff‘gflfies‘ffi
390 2259 496 2331 modis,
511 2259 543 2319 in
561 2260 633 2319 vitio
651 2270 715 2319 est:
736 2278 797 2318 non
814 2260 906 2319 modo
924 2260 1004 2320 enirn
1021 2260 1054 2320 id
1072 2261 1232 2323 virtutisne

138 2349 259 2439 ssssssfflffl
277 2348 302 2390 ⁰s
315 2361 351 2389 ³⁰·
387 2378 448 2419 non
482 2369 535 2429 est,
563 2359 617 2418 sed
650 2370 695 2416 est
728 2356 826 2433 potius
859 2355 1039 2417 inmanitatis
1066 2377 1187 2419 omnem

138 2446 356 2548 „²},ydffl}³‘¹g’{¹0,gf
388 2453 602 2515 humanitatem
629 2452 804 2528 repellentis.
860 2453 967 2528 Itaque
996 2453 1089 2530 probe
1116 2455 1187 2515 defi·

137 2548 352 2638 jggmaposeffiglffssg
387 2550 466 2610 nitur
478 2569 497 2608 a
510 2547 615 2608 Stoicis
636 2547 786 2621 fortitudo,
801 2567 871 2607 cum
888 2567 955 2607 eam
968 2547 1107 2610 virtutem
1121 2567 1186 2612 esse

138 2648 172 2688 th·
184 2661 349 2700 samenunuss
386 2646 489 2706 dicunt
509 2657 744 2722 propugnantem
763 2664 817 2722 pro
839 2645 995 2721 aequitate.
1038 2647 1186 2723 Quocirca

137 2765 236 2821 nemo,
251 2748 302 2825 qui
316 2744 494 2809 fortitudinis
508 2743 632 2822 gloriam
642 2754 820 2804 consecutus
834 2755 878 2805 est
892 2743 1006 2806 insidiis
1020 2755 1050 2806 et
1063 2746 1182 2825 malitia,
1197 2765 1227 2814 25

72 2872 74 2878 >
136 2842 255 2902 laudern
275 2852 318 2901 est
336 2840 483 2917 adeptus,
506 2837 579 2896 nihil
601 2836 681 2897 enim
704 2838 863 2899 honestum
886 2859 950 2899 esse
972 2851 1078 2917 potest,
1102 2844 1184 2916 quod

134 2938 247 3000 iustitia
258 2946 353 2996 vacat.

201 3034 249 3107 63.
291 3029 477 3090 Praeclarum
485 3022 572 3103 igitur
584 3021 658 3082 illud
668 3018 798 3080 Platonis
812 3041 818 3081 :
841 3020 942 3080 ‘Non'
956 3017 1060 3097 inquit,
1076 3020 1187 3081 ‘solum

140 3124 270 3198 scientia,
282 3135 414 3201 quaeest
426 3132 540 3182 remota
553 3120 591 3203 ab
605 3115 724 3184 iustitia,
738 3113 881 3175 calliditas
895 3114 994 3192 potius
1009 3134 1100 3191 quam
1113 3114 1188 3192 sapi·

139 3222 219 3283 entia
232 3232 277 3282 est
290 3219 474 3298 appellanda,
485 3234 590 3275 verum
603 3213 693 3274 etiarn
706 3212 823 3271 animus
833 3222 951 3288 paratus
960 3212 999 3270 ad
1012 3211 1185 3289 periculum,
1200 3238 1231 3288 30

138 3322 162 3381 si
183 3342 237 3382 sua
256 3318 427 3398 cupiditate,
449 3331 510 3374 non
523 3311 649 3372 utilitate
676 3308 828 3370 communi
855 3306 1022 3386 impellitur,
1045 3307 1187 3370 audaciae

137 3416 236 3493 potius
256 3432 367 3476 nornen
387 3413 495 3472 habeat
515 3427 606 3487 quam
626 3404 821 3466 fortitudinis.²
864 3405 971 3479 Itaque
992 3402 1070 3463 viros
1098 3405 1187 3465 sortes

137 3522 167 3571 et
194 3508 399 3587 magnanimos
425 3506 548 3567 eosdem
570 3503 666 3563 bonos
690 3511 720 3560 et
743 3498 900 3576 simplices,
924 3497 1053 3571 veritatis
1074 3497 1187 3559 amicos

138 3608 319 3686 minimeque
339 3608 456 3666 fallaces
477 3602 718 3664 essevolumus:
738 3616 814 3675 quae
836 3607 905 3657 sunt
925 3615 963 3657 ex
982 3595 1083 3657 media
1098 3591 1192 3658 laude‘

187 3738 203 3787 6
217 3753 248 3787 ex
257 3737 299 3786 hoc
308 3734 443 3800 septenario
451 3731 554 3782 Morbos
562 3730 712 3796 effinxerunt
721 3728 774 3777 edd.
784 3725 851 3776 enim
863 3726 890 3774 in
901 3724 993 3777 etenim
1005 3731 1106 3780 oculato,
1118 3725 1188 3778 rimo

119 3818 152 3860 ln
167 3820 267 3876 ungo:
283 3831 307 3864 a
319 3816 475 3865 lachmann
489 3814 521 3865 ἐκ
536 3812 635 3864 lucret.
643 3816 672 3876 p.
687 3821 734 3875 πη
770 3811 782 3869 ll
816 3807 833 3857 8
849 3805 957 3857 Salmaci
967 3806 1002 3856 da
1014 3807 1050 3856 Or
1061 3805 1116 3865 aaa
1132 3806 1186 3858 Sal·

100 3888 204 3933 mar-ida
216 3889 264 3936 Aa
276 3892 402 3952 postlul.
415 3893 532 3960 &altger
541 3890 617 3959 (Δια.
632 3891 732 3943 Aaron.
748 3884 814 3954 128)
827 3886 908 3937 Ileine
925 3884 975 3934 Mu
