2580 4184
413 1099 574 1165 LIBER
611 1101 809 1168 PRIMVS

66 1439 308 1536 Ιωῇιᾟῖξξνῇξξεξ
411 1463 438 1502 1.
480 1444 666 1519 Qvnuovnm
687 1454 726 1514 te,
739 1447 858 1506 Marce
871 1443 933 1521 fili,
950 1466 1061 1507 annum
1082 1447 1140 1509 iam

91 1545 185 1635 {rm
199 1544 307 1635 diiotss'd
344 1538 514 1599 audientem
535 1524 711 1617 Cratippum
729 1539 822 1617 ‘idque
842 1541 969 1602 Athenis
990 1543 1141 1604 abundare

88 1644 308 1745 ahssplfffih223bfgj
346 1647 463 1713 oportet
503 1637 670 1723 praeceptis
705 1636 904 1715 institutisque
932 1639 1143 1717 philosophiae

89 1743 266 1836 parthesssffl
283 1743 309 1834 οξ
342 1726 462 1811 propter
489 1753 636 1818 summam
663 1730 703 1794 et⁴
721 1735 851 1797 doctoris
878 1736 1083 1796 auctoritatem
1112 1748 1141 1798 et

91 1804 190 1887 eddam
262 1802 296 1835 ‘⁰
343 1830 431 1899 urbis,
456 1849 582 1907 quorum
608 1829 682 1890 alter
706 1841 735 1891 te
759 1830 882 1891 scientia
903 1839 1010 1910 augere
1023 1844 1138 1909 potest,
1170 1854 1183 1903 5

180 1937 219 1970 ΕΗ·
231 1936 247 1967 ¹·
341 1930 433 1988 altera
451 1927 610 2026 exemplisff
624 1937 733 2002 tamen,
755 1938 788 1987 ut
807 1927 869 2005 ipse
889 1930 929 1988 ad
950 1949 1048 1989 meam
1066 1930 1141 1990 utili-

90 2037 183 2086 tatem
211 2045 327 2103 semper
354 2043 424 2083 cum
455 2023 576 2084 Graecis
604 2023 711 2083 Latina
744 2023 884 2084 coniunxi
911 2044 1010 2101 neque
1043 2025 1075 2085 id
1108 2025 1140 2085 in

89 2121 282 2198 philosophia
305 2121 402 2180 solum
430 2121 483 2179 sed
512 2119 601 2178 etiam
628 2119 659 2177 in
687 2118 808 2179 dicendi
837 2119 1045 2180 exercitatione
1072 2119 1138 2191 feci,
1148 2127 1162 2202 ς

90 2218 170 2277 idem
191 2216 246 2277 tibi
266 2235 376 2277 censeo
397 2215 576 2296 faciendum,
591 2226 624 2276 ut
644 2235 697 2292 par
717 2215 756 2276 sis
777 2215 808 2276 in
827 2215 977 2293 utriusque
998 2215 1139 2277 orationis

90 2316 238 2374 facultate.
281 2298 381 2389 Quam
402 2311 524 2389 quidem
545 2313 584 2371 ad
605 2332 668 2371 rem
690 2331 755 2384 nos,
779 2323 812 2372 ut
833 2312 976 2386 videmur,
998 2332 1137 2391 magnum
1155 2338 1184 2374 10

89 2411 241 2471 attulimus
257 2410 463 2471 adiumentum
483 2409 654 2470 hominibus
674 2409 790 2485 nostris,
805 2421 838 2470 ut
856 2431 919 2471 non
936 2412 1029 2471 modo
1051 2414 1140 2474 Grae-

90 2528 191 2568 carum
204 2508 364 2584 litterapum
378 2508 467 2581 rudes
476 2508 529 2566 sed
538 2505 628 2566 etiam
637 2506 719 2566 docti
729 2507 913 2584 aliquantum
925 2527 956 2568 se
965 2508 1140 2569 arbitrentur

90 2608 215 2684 adeptos
242 2616 273 2665 et
298 2606 338 2664 ad
363 2604 523 2665 dicendum
544 2615 574 2666 et
595 2605 635 2663 ad
659 2603 859 2666 iudicandum.
903 2625 929 2662 2.
973 2605 1072 2679 Quam
1099 2607 1139 2665 ob

90 2723 152 2763 rem
174 2702 270 2775 disces
288 2712 320 2761 tu
339 2701 462 2778 quidem
481 2700 645 2779 aprincipe
661 2701 749 2762 huius
768 2702 873 2763 aetatis
894 2702 1139 2780 philosophorum

91 2813 120 2862 et
129 2801 226 2861 disces
235 2820 325 2877 quam
334 2801 384 2860 diu
394 2802 588 2873 voles-tam
599 2799 649 2859 diu
659 2811 758 2860 autem
767 2801 844 2860 velle
854 2800 985 2874 debebis,
997 2803 1098 2876 quoad
1109 2812 1138 2861 te
1154 2819 1180 2867 15

91 2909 235 2976 quantum
258 2895 395 2974 proficias
414 2916 476 2957 non
494 2895 659 2974 paenitebit
668 2897 773 2971 ;-sed
791 2906 892 2956 tamen
914 2907 1016 2956 nostra
1037 2897 1138 2974 legens

90 3013 152 3054 non
185 2992 313 3051 multum
346 3011 365 3050 a
399 2990 601 3068 Peripateticis
635 2990 818 3064 dissidentia,
846 2990 988 3068 quoniam
1021 2993 1139 3071 utrique

90 3087 233 3151 Socratici
253 3098 283 3148 et
305 3086 450 3148 Platonici
470 3089 607 3162 volumus
628 3107 701 3162 esse,
726 3089 764 3148 de
784 3088 872 3148 rebus
893 3087 964 3166 ipsis
983 3099 1066 3163 utere
1087 3100 1139 3150 tuo

89 3184 316 3248 iudicio-nihil
344 3184 423 3245 enim
458 3183 640 3262 impedio-,
669 3185 833 3245 orationem
868 3182 967 3245 a'utem
1001 3185 1139 3245 Latinam

90 3281 495 3388 efficieslprofecto)egendis
509 3281 618 3341 nostris
631 3280 804 3358 pleniorem.
828 3284 895 3341 Nec
907 3300 977 3342 vero
991 3283 1050 3342 hoc
1063 3301 1138 3342 arro
1151 3302 1182 3337 20

89 3389 194 3458 gauter
207 3378 322 3438 dictum
336 3355 606 3438 exffim-anv-eii'm.
649 3381 728 3437 Nam
741 3375 972 3455 philosophandi
985 3377 1139 3438 scientiam

90 3475 261 3537 concedens
284 3473 394 3547 multis,
418 3475 501 3551 quod
522 3485 567 3534 est
589 3475 712 3535 oratoris
733 3474 885 3551 proprium
908 3483 978 3550 apte
999 3474 1138 3536 distincte

91 3579 195 3631 ornate
209 3567 318 3642 dicere,
332 3568 475 3646 quoniam
493 3567 524 3628 in
541 3588 579 3630 eo
599 3569 699 3630 studio
717 3579 846 3630 aetatem
862 3570 1041 3647 consumpsi,
1060 3569 1086 3631 si
1105 3569 1138 3632 id

90 3663 162 3725 mihi
182 3682 314 3738 assumo,
337 3661 440 3725 videor
460 3664 492 3725 id
515 3683 585 3725 meo
612 3663 674 3726 iure
701 3665 834 3742 quodam
857 3665 950 3725 modo
977 3663 1140 3728 uindicare.

364 3801 394 3849 13
408 3787 539 3840 ds'cendum
550 3791 614 3855 edd,
628 3793 779 3849 discendum
791 3797 862 3854 codd.

1007 3907 1095 3953 μή
