2580 4184
94 209 235 296 111119]
322 214 411 276 Utilis
431 219 540 274 natura
560 214 597 275 ab
616 215 759 276 honestate
775 233 831 276 non
850 214 990 275 dz’siuncta
1114 216 1152 290 63

92 396 184 463 atque
205 384 238 446 in
260 383 406 445 maxumis
427 386 517 446 rebus
539 384 709 445 errantium.
752 383 784 445 Si
804 394 904 445 autem
919 394 964 444 est
978 381 1078 460 aliqua
1092 383 1151 444 dis·

92 482 206 560 ciplina
221 481 347 556 virtutis,
362 480 415 542 ubi
429 501 466 542 ea
479 493 643 560 quaeretur,
659 500 729 542 cum
749 480 787 542 ab
807 481 866 541 hoc
886 478 1021 540 discendi
1041 499 1149 557 genere

92 578 293 641 discesseris?
343 579 404 640 Sed
431 579 517 653 haec,
540 597 609 638 cum
636 579 676 639 ad
702 576 923 655 philosophiam
948 577 1148 648 cohortamur,

92 675 260 736 accuratius
288 673 431 753 disputari
452 675 559 748 solent,
582 674 664 752 quod
684 673 744 734 alio
765 674 898 750 quodam
919 672 996 734 libro
1016 672 1146 733 fecimus

94 775 168 834 Hoc
181 783 284 833 autem
297 784 432 849 tempore
443 777 564 832 'tantum
580 771 666 832 nobis
680 770 892 831 declarandum
906 769 969 842 tuit,
985 789 1038 829 cur
1052 771 1147 831 orbati
1179 793 1193 842 5

93 868 136 929 rei
157 869 297 954 publicae
318 866 491 930 muneribus
511 870 550 929 ad
571 867 631 928 hoc
650 886 706 928 nos
727 866 858 927 studium
878 864 1064 945 potissimum
1078 885 1149 927 con·

94 965 276 1028 tulissemus.

120 1098 165 1140 ffi,
181 1099 272 1142 desen„
290 1100 317 1143 ,s
413 1078 439 1140 7.
483 1061 655 1126 Occurritur
681 1071 782 1122 autem
809 1058 896 1121 nobis
923 1069 954 1121 et
981 1057 1148 1137 quidema

94 1148 129 1190 ¹¹5⁵
150 1164 199 1192 Μ
228 1152 314 1203 ²¹¹⁶3‘d
351 1161 448 1223 doctis
462 1171 493 1222 et
506 1159 628 1222 eruditis
649 1157 859 1236 quaerentibus
889 1157 997 1218 satisne
1012 1167 1148 1218 constan-

94 1200 252 1252 incons'steney
291 1203 314 1244 iu

95 1250 315 1344 {gffljpssth‘ssffi
351 1269 397 1320 ter
422 1261 518 1319 facere
544 1257 707 1330 videamur,
736 1255 797 1333 qui,
825 1275 907 1328 cum,
928 1254 1040 1333 percipi
1073 1256 1147 1316 nihil
1164 1276 1193 1311 ιο

96 1351 316 1454 fflfflffigg
352 1372 440 1431 posse
454 1354 597 1425 dicamus,
612 1362 713 1413 tamen
727 1362 758 1412 et
771 1349 835 1410 aliis
849 1351 888 1411 de
901 1353 988 1411 rebus
1005 1349 1147 1412 disserere

96 1451 314 1544 23,·,c¹',{⁵¹⁰;‘,'{²,}¹⁵“¹
352 1452 500 1512 soleamus
520 1462 550 1511 et
570 1452 629 1511 hoc
648 1449 714 1527 ipso
734 1461 869 1527 tempore
888 1460 1046 1528 praecepta
1058 1450 1147 1511 officii

96 1515 314 1654 ffintigeyqnoeosoe'rff
350 1566 571 1624 persequamur.
602 1546 718 1623 Quibus
732 1547 840 1606 vellem
853 1545 923 1606 satis
937 1545 1056 1623 cognita
1069 1558 1147 1607 esset

173 1633 180 1649 ⁸
353 1655 453 1705 nostra
473 1642 629 1705 sententia.
670 1646 742 1704 Non
759 1643 840 1703 enim
858 1662 958 1703 sumus
978 1642 1145 1721 ii,quomm

95 1753 220 1820 vagetur
245 1738 362 1801 animus
390 1759 488 1801 errore
515 1758 573 1800 nec
600 1739 710 1800 habeat
736 1758 879 1816 umquam
901 1738 974 1815 quid
998 1752 1142 1816 sequatur.
1162 1756 1190 1806 15

98 1839 185 1915 Quae
207 1836 288 1897 enim
309 1846 388 1896 esset
406 1835 464 1896 ista
482 1855 567 1897 mens
588 1837 635 1896 vel
656 1855 732 1912 quae
753 1835 813 1896 vita
832 1836 940 1913 potius,
964 1855 1027 1897 non
1054 1839 1146 1898 modo

98 1932 272 2012 disputandi
291 1934 346 1994 sed
366 1931 456 1994 etiam
476 1932 596 1993 vivendi
622 1933 735 1993 ratione
763 1934 899 1995 sublata?
946 1937 1011 1995 Nos
1035 1947 1143 2008 autem,

97 2043 131 2093 ut
151 2029 243 2093 ceteri
264 2029 322 2089 alia
342 2034 430 2102 certa,
452 2028 510 2089 alia
530 2029 642 2089 incerta
661 2049 726 2090 esse
747 2028 860 2103 dicunt,
882 2029 934 2090 sic‘
952 2031 991 2091 ab
1017 2031 1063 2090 his
1088 2031 1146 2092 dis-

98 2127 270 2200 sentientes,
298 2125 356 2187 alia
388 2125 564 2203 probabilia,
593 2137 696 2187 contra
725 2125 784 2186 alia
810 2124 943 2186 dicimus.
999 2129 1027 2186 8.
1063 2128 1145 2204 Quid

96 2236 142 2286 est
162 2224 253 2302 igitur
273 2223 355 2300 quod
375 2242 424 2282 me
445 2221 589 2298 impediat
609 2241 652 2292 ea,
666 2241 743 2299 quae
763 2221 928 2300 probabilia
941 2221 1013 2283 mihi
1026 2222 1144 2285 videan-
1158 2245 1189 2280 πο

98 2333 148 2391 tur,
164 2320 258 2398 sequi,
281 2338 357 2397 quae
378 2330 490 2392 contra,
519 2317 685 2395 improbare
712 2330 803 2396 atque
825 2319 990 2380 affirmandi
1011 2340 1144 2398 arrogan-

98 2418 170 2479 tiam
191 2417 335 2477 vitantem
362 2417 461 2493 lugere
481 2415 686 2489 temeritatem,
714 2435 791 2493 quae
811 2434 829 2477 a
849 2416 993 2494 sapientia
1020 2417 1144 2478 dissidet

97 2511 280 2590 plurimum?
321 2513 433 2572 Contra
460 2522 560 2571 autem
581 2511 681 2571 omnia
701 2512 867 2589 disputatur
886 2532 905 2573 a
925 2511 1040 2588 nostris,
1062 2517 1142 2591 quod

98 2608 157 2670 hoc
171 2608 269 2686 ipsum
282 2608 435 2685 probabile
450 2609 566 2669 elucere
579 2627 640 2669 non
655 2620 764 2686 posset,
786 2608 843 2669 nisi
864 2629 901 2669 ex
920 2620 1045 2688 utraque
1061 2624 1143 2689 parte

97 2720 254 2766 causarum
271 2715 349 2766 esset
369 2706 447 2765 sacta
467 2705 628 2766 contentio.
671 2707 731 2767 Sed
751 2707 826 2766 haec
847 2706 1003 2782 explanata
1024 2719 1092 2769 sunt
1113 2708 1142 2768 in
1157 2729 1186 2776 25

97 2801 286 2864 Academicis
300 2800 408 2862 nostris
421 2802 497 2875 satis,
506 2812 538 2861 ut
552 2802 679 2879 arbitror,
689 2802 851 2880 diligenter.
894 2802 964 2864 Tibi
978 2816 1086 2878 autem,
1101 2806 1142 2865 mi

92 2896 214 2971 Cicero,
229 2915 409 2974 quamquam
423 2896 453 2956 in
468 2897 673 2974 antiquissima
693 2896 935 2977 nobilissimaque
955 2899 1142 2978 philosophia

96 2991 241 3069 Cratippo
268 3003 388 3052 auctore
415 2979 538 3054 versaris
575 2993 611 3053 iis
639 2993 796 3069 simillimo,
825 2994 877 3072 qui
910 2994 966 3055 ista
992 2999 1143 3074 praeclara

95 3098 280 3166 pepererunt,
310 3098 409 3149 tamen
437 3090 513 3150 haec
534 3101 634 3150 nostra
665 3090 803 3150 finituma
821 3091 925 3152 vestris
955 3090 1058 3170 ignota
1077 3113 1142 3155 esse

95 3184 187 3246 nolui
230 3184 290 3245 Sed
303 3183 362 3244 iam
377 3186 417 3245 ad
430 3185 563 3246 instituta
576 3205 740 3264 pergamus.
1155 3213 1186 3261 30

40 3288 85 3340 111
410 3303 435 3361 9.
478 3283 618 3361 Quinque
657 3285 745 3362 igitur
783 3284 944 3348 rationibus
984 3286 1142 3365 propositis

138 3375 311 3429 E¹P²d¹⁶¹¹⁰y
348 3380 436 3443 officii
456 3381 662 3459 persequendi,
677 3400 800 3458 quarum
822 3384 899 3445 duae
919 3385 958 3444 ad
979 3384 1071 3445 decus
1091 3387 1143 3446 ho

97 3437 176 3469 cannot
209 3427 235 3467 be
269 3427 311 3468 dis·

95 3477 310 3578 ffi‘ffgffiffig:
348 3486 553 3552 aestatemque
586 3474 775 3553 pertinerent,
810 3478 888 3538 duae
915 3479 955 3539 ad
982 3481 1141 3540 commoda

96 3591 144 3670 ᾗ
152 3591 210 3619 some
229 3577 308 3637 ¹¹tancr-
347 3571 434 3646 vitae,
449 3571 558 3650 copias,
574 3590 656 3649 opes,
671 3572 831 3645 facultates
844 3571 947 3649 quinta
960 3573 1000 3633 ad
1014 3572 1140 3651 eligendi

154 3637 274 3680 separation
282 3627 311 3676 by

95 3677 266 3783 ffiqvssqadr
288 3685 311 3720 to
347 3667 494 3742 iudicium,
509 3668 534 3728 si
554 3668 676 3746 quando
690 3686 726 3728 ea
739 3685 816 3745 quae
834 3666 896 3728 dixi
915 3687 1045 3746 pugnare
1065 3667 1141 3731 iuter
1154 3693 1183 3744 35

347 3764 563 3835 scinderentur,
585 3763 749 3827 honestatis
762 3783 830 3846 pars
840 3765 980 3830 conlecta
990 3775 1149 3847 est,quam

64 3878 656 4008 chamumrmmmmplwwcm
696 3893 708 3954 q
745 3908 780 3962 ²4
795 3892 880 3964 passu
898 3893 938 3948 0,
952 3893 996 3947 Zu
1007 3908 1068 3946 mm
1082 3890 1173 3962 qm
