2580 4184
104 205 140 267 11
153 221 214 265 xrx
228 201 280 285 68]
466 221 470 227 ·
515 208 588 279 quac
605 207 689 278 qaera
700 153 764 278 fiat
1117 200 1155 277 85

105 370 259 451 dignitatis
271 371 390 448 gradus,
401 368 445 429 sic
457 368 545 428 huius
559 368 699 429 scientiae
713 369 854 445 splendor
868 369 984 429 deletus
998 379 1051 442 est,
1066 367 1158 445 idque

105 489 145 532 eo
162 468 323 546 indignius,
339 469 423 545 quod
443 487 481 527 eo
501 478 635 544 tempore
653 467 712 526 hoc
733 465 865 542 contigit,
881 485 950 525 cum
968 465 994 526 is
1014 475 1092 526 esset
1106 463 1159 543 qui

106 585 214 628 omnes
232 564 406 642 superiores,
427 564 536 643 quibus
554 564 668 624 honore
691 582 744 640 par
764 574 850 635 esset,
868 562 992 624 scientia
1011 563 1098 623 facile
1118 561 1159 622 vi-

104 663 207 725 cisset.
248 664 337 722 Haec
350 661 438 738 igitur
451 680 541 739 opera
554 672 636 738 grata
649 660 750 720 multis
764 671 794 720 et
807 661 847 720 ad
863 660 1014 720 beneficiis
1029 660 1158 722 obstrin-

108 785 202 846 ιιςοιικΙ
214 783 323 836 pomi
358 760 473 837 gendos
499 758 636 818 homines
663 757 896 817 accommodata
961 759 1008 817 66.
1057 761 1157 835 Atque
1186 774 1201 822 5

108 834 322 936 Ρῗιῗῗῗξῗὲἓῗὶἷὲἶ
359 858 429 919 huie
439 858 494 919 arti
509 858 636 920 finitima
653 868 698 918 est
711 856 833 917 dicendi
842 855 980 938 [gravior]
995 858 1119 917 facultas
1127 868 1158 918 et

107 937 207 1038 „33¹ss
214 937 321 1036 ᾗοζῖξὲῗ
357 957 466 1035 gratior
479 967 510 1017 et
524 955 660 1017 ornatior.
704 955 787 1030 Quid
802 955 882 1015 enim
892 955 1063 1032 eloquentia
1076 975 1158 1032 prae-

107 1037 216 1128 {fissffi
238 1049 321 1138 3ῗὲ
357 1053 490 1114 stabilius
503 1054 551 1112 vel
565 1050 760 1113 admiratione
778 1051 963 1112 audientium
979 1053 1027 1112 vel
1045 1071 1097 1129 spe
1116 1052 1158 1111 in-

108 1138 172 1179 ⁸³⁰¹¹²
359 1148 524 1225 digentium
541 1149 588 1208 vel
610 1167 720 1220 eorum,
741 1147 793 1225 qui
817 1148 930 1208 defensi
950 1158 1027 1220 sunt,
1049 1147 1158 1226 gratia?

110 1247 193 1308 Huic
206 1266 277 1325 ergo
290 1267 309 1308 a
321 1246 482 1306 maioribus
496 1246 603 1306 nostris
617 1246 707 1306 estin
723 1257 791 1324 toga
806 1245 956 1323 dignitatis
975 1245 1156 1324 principatus
1172 1262 1202 1297 ιο

109 1347 204 1407 datus
248 1343 358 1405 Diserti
378 1343 466 1421 igitur
483 1343 612 1403 hominis
633 1355 663 1404 et
680 1343 765 1403 facile
782 1343 943 1404 laborantis
961 1344 1103 1421 quodque
1125 1343 1157 1402 in

108 1443 210 1520 patriis
224 1452 269 1502 est
282 1440 421 1514 moribus,
428 1442 589 1500 multorum
610 1459 714 1499 causas
728 1451 758 1498 et
772 1459 834 1499 non
847 1450 967 1517 gravate
988 1451 1017 1500 et
1030 1439 1157 1518 gratuito

132 1577 322 1620 mueoerenoeto
361 1537 549 1598 defendentis
571 1535 715 1598 beneficia
737 1547 767 1597 et
787 1537 951 1614 patrocinia
970 1539 1029 1598 late
1045 1547 1156 1614 patent

108 1628 259 1671 ulmi&
360 1636 407 1708 67.
446 1635 640 1694 Admonebat
664 1652 712 1692 me
734 1652 781 1692 res
802 1643 836 1693 nt
856 1635 916 1692 hoc
942 1653 1062 1711 quoque
1088 1634 1158 1693 loco

109 1726 357 1788 intermissionem
372 1729 568 1808 eloquentiae,
584 1749 622 1788 ne
637 1728 736 1788 dicam
749 1727 907 1802 interitum,
924 1731 1116 1807 deplorarem,
1127 1729 1157 1789 ni
1173 1748 1201 1797 15

108 1841 225 1882 vererer
253 1843 291 1884 ne
319 1826 358 1884 de
385 1846 435 1887 me
461 1828 527 1905 ipso
556 1825 668 1902 aliquid
694 1825 809 1886 viderer
836 1824 926 1903 queri
970 1827 1029 1888 Sed
1057 1838 1158 1888 tamen

108 1915 258 1989 videmus,
286 1915 394 1991 quibus
422 1919 558 1979 extinctis
586 1917 751 1978 oratoribus
775 1937 865 1994 quam
892 1919 924 1978 in
951 1919 1053 1997 paucis
1081 1939 1156 1997 spes,

134 2025 204 2068 Other
224 2025 323 2067 methods
361 2029 473 2094 quanto
491 2017 522 2076 in
542 2015 731 2094 paucioribus
748 2017 881 2090 facultaS,
901 2037 992 2094 quam
1010 2017 1041 2076 in
1057 2017 1159 2079 multis

108 2077 134 2118 of
147 2077 260 2127 rendering
275 2089 322 2126 per·
376 2115 382 2126 ,
508 2112 515 2124 ,
1059 2113 1065 2124 .

107 2126 321 2168 sonalservicewith·
360 2114 542 2175 s1taudac1a.
587 2114 665 2173 Cum
679 2123 778 2172 autem
793 2132 898 2172 omnes
912 2132 973 2172 non
987 2123 1109 2190 possint,
1120 2132 1158 2171 ne

109 2177 189 2270 ane
209 2190 280 2228 W
300 2175 324 2218 ot
362 2210 448 2270 multi
464 2209 595 2287 quidem,
616 2220 667 2269 ant
687 2209 757 2268 iuris
777 2209 863 2286 periti
885 2229 950 2269 esse
972 2220 1023 2269 aut
1047 2208 1156 2281 diserti,
1171 2230 1202 2264 ιο

113 2309 183 2368 licet
192 2318 293 2368 tamen
306 2325 396 2383 opera
409 2305 549 2384 prodesse
563 2304 663 2364 multis
682 2304 826 2364 beneficia
839 2315 999 2381 petentem,
1010 2323 1159 2364 commen-

113 2404 236 2464 dantem
248 2402 407 2476 iudicibus,
422 2400 647 2478 magistratibus,
663 2400 833 2477 vigilantem
846 2419 900 2477 pro
918 2419 949 2460 re
964 2400 1090 2473 alterius,
1106 2420 1158 2460 eos

113 2501 199 2578 ipsos,
213 2500 265 2578 qui
285 2512 337 2561 aut
353 2500 548 2560 consuluntur
568 2509 619 2557 aut
636 2499 807 2574 defendunt,
818 2509 985 2576 rogantem:
1006 2501 1089 2576 quod
1108 2499 1159 2576 qui

364 2597 484 2668 faciunt,
505 2595 664 2674 plurimum
684 2597 794 2674 gratiae
816 2609 1038 2675 consequuntur
1057 2599 1159 2660 latissi-

112 2688 325 2788 oelg‘hffiffi
362 2713 472 2772 meque
486 2713 589 2754 eorum
603 2706 704 2753 manat
718 2694 869 2754 industria
913 2698 960 2754 68.
998 2697 1064 2755 Iam
1084 2697 1158 2757 illud
1172 2714 1201 2765 ²5

112 2789 325 2890 fflffiiggffigffi
362 2811 423 2851 non
445 2801 513 2851 sunt
533 2791 803 2851 admonendi-est
823 2790 903 2850 enim
922 2790 953 2850 in
969 2803 1157 2869 promptu-,

361 2899 394 2948 ut
407 2887 539 2948 animum
552 2887 715 2960 advertant,
730 2907 798 2946 cum
812 2887 911 2947 iuvare
920 2887 993 2948 alios
1005 2888 1106 2961 velint,
1120 2908 1161 2950 ne

112 3009 190 3066 quos
203 2988 365 3048 offendant.
397 2989 490 3064 Saepe
504 2985 585 3046 enirn
599 2995 650 3045 ant
663 3004 715 3045 eos
729 2986 859 3059 laedunt,
874 3004 950 3062 qnos
964 3004 1025 3045 non
1040 2988 1159 3060 debent,

112 3098 165 3148 aut
177 3106 239 3159 eos,
251 3104 326 3163 quos
346 3102 408 3144 non
428 3083 563 3160 expedit:
585 3081 610 3142 si
630 3081 830 3159 inprudentes,
846 3083 1049 3161 neglegentiae
1069 3096 1122 3158 est,
1134 3084 1159 3146 si

112 3182 248 3254 scientes,
259 3178 440 3241 temeritatis.
483 3179 640 3239 Utendum
654 3177 744 3237 etiam
758 3190 802 3238 est
816 3179 1006 3240 excusatione
1019 3180 1158 3240 adversus
1172 3204 1204 3256 30

112 3297 175 3353 eos,
191 3297 267 3356 quos
287 3276 396 3336 invitus
418 3275 559 3348 offendas,
578 3293 767 3352 quacumque
781 3275 884 3352 possis,
900 3295 960 3353 qua
973 3295 1004 3336 re
1018 3275 1058 3351 id,
1076 3278 1159 3353 quod

111 3374 222 3449 seceris,
234 3391 357 3434 necesse
366 3371 454 3431 fuerit
467 3391 524 3431 nec
537 3371 620 3430 aliter
628 3372 723 3432 facere
734 3371 873 3449 potueris,
883 3371 1048 3448 ceterisque
1061 3371 1159 3449 operis

111 3482 142 3532 et
155 3470 259 3532 officiis
273 3469 328 3532 erit
338 3468 378 3542 id,
393 3469 475 3545 quod
488 3467 632 3528 violatum
644 3467 801 3541 videbitur,
813 3467 1077 3545 compensandum.

161 3625 179 3678 6
206 3626 305 3678 dicendi
327 3626 432 3676 facultas
453 3631 479 3676 et
500 3624 599 3690 gravior
619 3632 645 3675 et
667 3622 778 3674 ornatior
793 3625 822 3683 Z,
847 3620 946 3688 gravior
966 3618 1041 3676 codd..
1057 3617 1163 3684 primur

112 3708 209 3770 seclusit
223 3708 360 3758 Lanibinus
394 3711 404 3766 Ι
443 3721 473 3759 10
498 3707 556 3757 huic
571 3721 671 3772 quoque
685 3705 760 3764 codd,
776 3704 835 3753 huic
850 3704 877 3752 F
891 3703 962 3753 OrZ
976 3701 1057 3750 Hcine
1076 3698 1126 3749 Mu
1147 3702 1158 3758 ΙΙ

111 3803 145 3852 33
160 3787 279 3835 violatum
299 3783 422 3834 videbitur
437 3783 480 3832 Ba
495 3782 578 3832 Ηιὶκι
587 3780 638 3831 Mu
647 3781 678 3833 St
691 3795 748 3832 cum
763 3780 860 3849 optimis
878 3779 955 3846 codd,
970 3780 1001 3832 in
1017 3780 1102 3833 ceteris
1121 3787 1168 3832 eat

102 3865 442 3918 mmmmm&
451 3865 547 3934 legitur
