2580 4184
112 199 163 261 III
178 214 263 260 xxm
279 194 330 281 90]
379 198 429 260 De
448 198 619 259 contentione
638 198 766 258 libnesti
780 205 809 258 et
834 199 922 259 Ηίιῖιὶσ
1106 215 1162 275 ¹²7

111 387 187 442 mus,
202 386 301 445 eoque
314 367 417 444 magis,
427 367 511 443 quod
525 365 576 425 illa
589 364 728 426 ordinum
742 363 914 425 coniunctio
928 366 1105 427 adsalutem
1120 368 1164 429 rei

362 461 500 539 publicae
527 460 709 539 pertinebat..
746 463 829 522 Male
856 460 947 521 etiam
970 461 1070 534 Curio,
1093 482 1162 522 cum

112 540 265 634 ,0¹,Y,'0;,⁰,²,⁵,‘
273 539 330 630 mais
364 577 486 618 causam
505 559 787 635 Transpadanorum
801 576 929 634 aequam
948 577 1013 618 esse
1034 558 1162 634 dicebat,

112 642 232 744 {ffdffiq‘h‘
245 642 325 682 Tm*
363 675 481 734 semper
493 667 594 716 autem
608 656 739 716 addebat
754 654 875 715 ‘Vincat
889 654 998 715 utilitas
1007 655 1025 714 !’
1059 656 1163 718 Potius

364 755 486 814 doceret
504 772 566 812 non
584 771 650 812 esse
667 771 804 829 aequam,
820 751 890 829 quia
906 771 969 811 non
987 764 1064 813 esset
1082 754 1162 815 utilis
1193 780 1207 830 5

113 849 155 910 rei
168 848 315 928 publicae,
334 869 425 928 quam
443 869 513 910 cum
530 848 634 909 utilem
654 867 717 908 non
735 867 800 908 esse
815 847 934 923 diceret,
951 868 1016 909 esse
1035 854 1162 928 aequam

112 947 258 1007 fateretur.

10 1045 98 1096 txm
138 1047 224 1090 severat
245 1047 325 1089 similar
423 1045 470 1120 89.
505 1044 614 1104 Plenus
635 1052 680 1105 est
701 1053 802 1106 sextus
821 1042 896 1103 liber
917 1045 957 1104 de
976 1042 1080 1103 officiis
1100 1046 1164 1104 He·

112 1098 212 1150 practioel
225 1099 290 1141 cases
303 1098 328 1140 of

113 1149 327 1252 ffiffissiiypiffl‘ff
363 1138 479 1199 catonis
492 1138 596 1198 talium
611 1140 832 1216 quaestionum:
855 1138 944 1199 ‘sitne
965 1139 1037 1199 boni
1056 1138 1110 1198 viri
1130 1139 1162 1199 in

113 1261 195 1341 roime
212 1299 238 1341 of
254 1299 326 1341 acuon
361 1235 492 1295 maxima
512 1235 633 1297 caritate
653 1255 791 1298 annonae
811 1235 954 1295 familiam
976 1255 1038 1296 non
1066 1237 1161 1297 alere'
1178 1258 1207 1293 10

113 1349 136 1391 rn
149 1350 201 1391 suen
215 1351 326 1410 caesnas
364 1334 402 1390 In
429 1342 584 1408 utramque
611 1343 726 1409 partem
753 1332 893 1409 disputat,
918 1332 974 1391 sed
999 1341 1101 1391 tamen
1122 1331 1162 1390 ad

113 1400 327 1492 ggqquauadylan
365 1440 528 1490 extremum
554 1429 689 1504 utilitate,
718 1440 751 1490 ut
778 1440 870 1506 putat,
900 1428 1030 1488 officium
1059 1426 1163 1504 derigit

114 1527 206 1604 magis
224 1545 316 1603 quam
333 1526 525 1586 humanitate.
568 1527 700 1602 Quaerit,
718 1524 800 1588 ‘siin
814 1525 887 1585 mari
901 1526 1013 1586 iactura
1026 1524 1163 1585 facienda

112 1625 159 1699 sit,
174 1623 283 1700 equine
297 1621 419 1700 pretiosi
432 1620 532 1698 potius
546 1620 688 1682 iacturam
703 1622 791 1682 faciat
805 1641 844 1681 an
858 1622 965 1682 servoli
980 1622 1068 1682 vilis?
1099 1623 1162 1683 Hic

113 1720 171 1781 alio
190 1739 237 1781 res
250 1719 408 1793 familiaris,
427 1718 485 1778 alio
503 1718 585 1779 ducit
602 1718 831 1779 humanitas.-‘
837 1717 867 1778 Si
879 1720 1016 1779 tabulam
1037 1722 1076 1781 de
1093 1741 1163 1781 nau·
1178 1741 1205 1790 15

113 1818 206 1895 {ragio
217 1819 324 1878 stultus
337 1816 497 1895 arripuerit,
510 1816 736 1894 extorquebitne
750 1836 815 1877 earn
831 1815 957 1892 sapiens,
971 1816 995 1876 si
1008 1818 1163 1894 potuerit?

113 1901 327 1994 Negat,'‘quia
350 1915 388 1976 sit
414 1914 710 1990 iniurium.’-‘Quid
731 1914 871 1974 dominus
893 1913 993 1974 navis?
1020 1915 1163 1993 eripietne

112 2012 226 2071 suum?
269 2011 418 2084 ‘Minime
433 2031 495 2071 non
509 2013 576 2089 plus
591 2029 680 2087 quam
689 2009 879 2087 navigantem
894 2008 925 2068 in
939 2011 1000 2069 alto
1015 2011 1109 2071 eicere
1124 2013 1162 2071 de

113 2108 182 2169 navi
201 2109 280 2180 velit,
295 2108 365 2185 quia
385 2128 439 2168 sua
459 2107 503 2168 sit
549 2107 658 2182 Quoad
679 2105 759 2166 enim
780 2118 954 2183 perventum
976 2117 1020 2165 est
1041 2126 1086 2180 eo,
1102 2127 1162 2184 quo

113 2215 232 2282 sumpta
245 2205 328 2264 navis
342 2216 394 2278 est,
410 2225 472 2266 non
491 2204 605 2266 domini
619 2215 664 2264 est
682 2203 766 2263 navis
782 2204 837 2264 sed
853 2203 1073 2280 navigantium!
1115 2225 1160 2281 90.
1176 2226 1208 2261 20

115 2300 228 2376 ‘Quidi
249 2301 274 2360 si
292 2321 352 2361 una
372 2303 473 2362 tabula
493 2303 538 2377 sit,
559 2303 619 2362 duo
638 2301 771 2377 naufragi
792 2299 879 2376 eique
893 2299 1050 2376 sapientes,
1069 2300 1163 2361 sibine

114 2414 237 2480 uterque
251 2403 345 2480 rapiat
358 2424 396 2463 an
411 2406 484 2465 alter
498 2406 585 2465 cedat
598 2402 711 2463 alteri?'
754 2403 864 2463 ‘Cedat
877 2420 955 2475 vero,
970 2404 1024 2462 sed
1038 2402 1066 2462 ei
1080 2403 1163 2463 cuius

114 2501 207 2577 magis
222 2500 335 2560 intersit
348 2503 395 2561 vel
409 2521 462 2561 sua
475 2503 523 2562 vel
536 2501 578 2561 rei
593 2500 731 2577 publicae
744 2519 835 2559 causa
848 2498 1016 2559 vivere.'—‘
1025 2500 1126 2574 Quid?
1139 2501 1164 2560 si

115 2597 190 2656 haec
202 2597 284 2674 paria
297 2597 328 2656 in
338 2597 490 2675 utroque?
532 2600 670 2658 ‘Nullum
681 2596 736 2657 erit
750 2608 909 2669 certamen,
925 2597 978 2656 sed
992 2598 1076 2674 quasi
1086 2609 1164 2659 sorte

115 2703 166 2753 aut
179 2693 320 2753 micando
333 2693 428 2754 victus
442 2691 525 2754 alteri
539 2696 627 2755 cedet
641 2695 783 2754 alter.’-‘
789 2693 888 2768 Quid?
902 2693 927 2752 si
937 2704 1021 2770 pater
1034 2697 1103 2755 fana
1116 2716 1164 2757 ex·
1177 2716 1206 2764 25

115 2790 196 2867 pilet‚
217 2791 371 2852 cuniculos
391 2802 459 2869 agat
479 2793 519 2852 ad
539 2790 692 2865 aerarium,
716 2791 866 2851 indicetne
888 2790 919 2851 id
947 2791 1165 2868 magistratibus

115 2888 219 2950 filiusP'
259 2891 365 2949 ‘Nefas
380 2889 412 2950 id
425 2889 548 2966 quidem
563 2900 623 2951 est:
644 2889 717 2965 quin
735 2889 825 2950 etiam
845 2891 988 2949 defendat
1001 2903 1124 2968 patrem,
1141 2892 1165 2951 si

116 2988 268 3064 arguatur!
291 2990 375 3047 ‘Non
389 2986 475 3064 igitur
488 2987 583 3065 patria
596 2998 726 3064 praestat
740 2986 878 3046 omnibus
894 2988 1022 3047 officiis?
1052 2991 1165 3048 ‘Immo

116 3101 194 3154 vero,
207 3082 260 3142 sed
273 3081 330 3160 ipsi
344 3083 455 3160 patriae
470 3082 613 3144 conducit
626 3081 692 3160 pios
707 3083 816 3142 habere
830 3082 910 3142 cives
924 3083 955 3141 in
969 3084 1166 3159 parentes!—

118 3180 229 3256 ‘Quidi
249 3180 273 3240 si
292 3181 478 3258 tyrannidem
497 3201 652 3257 occupare,
673 3180 698 3240 si
716 3179 842 3258 patriam
860 3181 989 3257 prodere
1009 3180 1165 3241 conabitur
1177 3201 1210 3250 30

116 3288 206 3353 pater,
223 3276 358 3338 silebitne
379 3277 481 3337 filiusi’
525 3280 636 3337 ‘Immo
656 3296 727 3337 vero
748 3276 915 3337 obsecrabit
935 3288 1058 3353 patrem,
1074 3296 1112 3337 ne
1133 3277 1165 3336 id

117 3374 213 3435 saciat.
255 3376 285 3436 Si
298 3375 372 3435 nihil
386 3374 528 3452 proficiet,
543 3374 702 3448 accusabit,
719 3374 879 3434 minabitur
900 3373 998 3447 etiam,
1013 3374 1054 3433 ad
1073 3384 1166 3434 extre·

117 3494 209 3548 mum,
232 3473 257 3534 si
280 3475 320 3534 ad
341 3457 503 3551 perniciem
526 3471 638 3550 patriae
659 3492 705 3532 res
728 3470 881 3548 spectabit,
907 3471 1018 3548 patriae
1041 3472 1165 3530 salutem

164 3637 278 3697 4vincat
295 3635 388 3686 utilitas
402 3635 552 3701 reipublicae
567 3636 669 3685 OrSte
685 3636 786 3684 Bernc
821 3637 831 3691 11
869 3645 883 3695 5
909 3632 1010 3682 doceret
1025 3634 1067 3682 Ba
1083 3632 1166 3682 Heine

115 3715 230 3766 Lucum
245 3719 339 3782 aliquot
355 3717 428 3779 codd,
450 3717 542 3767 diceret
567 3718 641 3767 OrZ
674 3720 684 3774 ΙΙ
722 3730 750 3765 η
768 3721 796 3764 ut
812 3720 884 3779 putat
899 3730 938 3764 om
953 3715 990 3763 Or
1024 3718 1033 3772 ΙΙ
1070 3714 1165 3764 nisibi

115 3803 200 3846 neuter
216 3799 240 3846 Z
257 3798 288 3846 St
304 3812 360 3846 curn
376 3803 424 3861 opt.
443 3797 508 3847 codci.
530 3796 611 3847 sibine
628 3802 731 3862 uterque
753 3796 794 3846 Bo
817 3796 898 3846 Heinc
916 3795 967 3843 Mu
977 3810 1035 3846 <nm
1053 3796 1176 3850 Victorini

108 3876 189 3923 sibine
198 3885 254 3925 orer
264 3875 415 3942 Orsnrtasre
422 3886 488 3929 recte
522 3881 534 3941 1
571 3893 604 3947 27
622 3881 695 3934 netas
705 3879 734 3934 id
745 3879 853 3951 quidem
864 3880 952 3933 omisso
964 3884 1006 3928 est
1018 3876 1055 3926 Or
