2580 4184
121 200 173 261 111
187 216 233 261 xx
247 195 300 282 81]
380 196 430 261 De
448 201 619 262 mantione
637 201 765 262 Honesti
779 206 808 260 et
834 201 923 264 Utus
1113 222 1169 283 123

1027 321 1174 333 --

119 382 166 436 est
191 382 340 435 vetustate
369 371 577 451 proverbium:
607 391 677 432 cum
708 371 788 433 enim
820 373 911 433 fidem
938 373 1061 436 alicuius
1088 376 1172 438 boni·

121 479 273 547 tatemque
293 470 426 544 laudant,
452 468 588 547 ‘dignum
610 470 686 530 esse’
709 468 813 529 dicunt
835 468 969 547 ‘quicum
989 471 1172 534 intenebris

120 563 231 627 mices.'
273 569 345 628 Hoc
364 586 454 644 quam
471 567 561 628 babet
578 565 639 627 vim
659 565 716 626 nisi
732 566 823 640 illam,
838 567 911 627 nihil
930 568 1070 646 expedire
1088 570 1171 647 quod

121 679 183 722 non
203 663 317 737 deceat,
332 662 423 724 etiam
443 661 468 722 si
487 661 520 723 id
540 661 635 740 possis
656 664 738 722 nullo
759 663 909 724 refellente
929 661 1081 728 obtinere?
1122 670 1168 741 78.

121 757 254 819 Videsne
280 760 340 820 hoc
367 757 524 837 proverbio
550 778 647 836 neque
675 758 752 837 Gygi
779 758 822 819 illi
849 779 936 837 posse
962 761 1080 822 veniam
1107 763 1171 824 dari
1199 781 1214 832 5

120 870 219 932 neque
237 855 316 930 huic,
332 875 422 934 quem
441 857 531 934 paulo
549 867 618 916 ante
635 857 783 934 fingebam
804 855 963 934 digitorum
980 859 1171 936 percussione

121 950 300 1012 hereditates
320 951 455 1012 omnium
474 970 562 1029 posse
583 956 773 1013 converrerel
815 954 859 1014 Ut
879 953 968 1028 enim,
984 956 1066 1031 quod
1086 967 1170 1034 turpe

122 1058 176 1122 est,
190 1047 232 1122 id,
252 1049 385 1126 quamvis
403 1051 574 1123 occultetur,
592 1060 692 1110 tamen
712 1050 872 1110 honestum
892 1049 954 1110 fieri
975 1053 1056 1112 nullo
1077 1055 1170 1115 modo

120 1155 228 1221 potest,
250 1145 301 1218 sic,
318 1146 401 1222 quod
421 1146 579 1206 honestum
600 1164 662 1205 non
682 1156 735 1218 est,
757 1144 789 1206 id
809 1145 880 1206 utile
900 1158 933 1207 ut
953 1145 991 1207 sit
1010 1148 1087 1208 effici
1107 1169 1168 1210 non

120 1252 219 1320 potest
232 1243 405 1303 adversante
420 1253 450 1303 et
463 1253 645 1320 repugnante
658 1253 768 1303 natura
1182 1265 1213 1300 10
1235 1321 1237 1325 Ι

56 1337 108 1390 ΧΧ
434 1355 480 1416 79.
502 1341 544 1398 At
564 1337 653 1413 enim,
668 1358 739 1399 cum
759 1358 919 1419 permagna
938 1341 1070 1419 praemia
1089 1354 1166 1419 sunt,

143 1385 192 1428 The
212 1386 335 1438 magnitude

118 1436 335 1529 gssffigdfflffffi
371 1446 417 1498 est
450 1455 540 1497 causa
566 1435 718 1514 peccandi
766 1438 801 1499 C.
831 1437 945 1499 Marius
972 1459 1042 1500 cum
1069 1460 1088 1501 a
1114 1461 1167 1519 spe

118 1535 200 1597 lfowen
216 1546 238 1579 to
252 1539 279 1579 be
295 1539 334 1580 de·
371 1532 542 1592 consulatus
563 1533 651 1610 longe
670 1532 786 1592 abesset
807 1545 837 1593 et
857 1533 917 1593 iam
937 1534 1095 1612 septimum
1116 1557 1168 1597 an-

118 1589 177 1629 nved
184 1589 236 1629 [rom
242 1602 256 1630 a
261 1601 334 1639 wrong

118 1639 333 1730 fflffssffiss
371 1647 444 1688 num
470 1639 538 1706 post
564 1640 730 1706 praeturam
763 1628 872 1690 iaceret
899 1649 996 1707 neque
1022 1632 1166 1709 petiturus

117 1738 169 1780 stou
201 1738 337 1783 eonductos
369 1744 510 1803 umquam
538 1725 725 1785 consulatum
751 1724 907 1799 videretur,
932 1728 970 1802 Q.
1000 1730 1164 1804 Metellum,
1181 1753 1208 1803 15

117 1798 212 1832 uiuus
369 1822 454 1883 cuius
479 1821 592 1899 legatus
619 1831 690 1889 erat,
713 1839 860 1880 summum
887 1818 983 1880 virum
1010 1833 1040 1883 et
1060 1823 1165 1896 civem,

115 1935 187 1978 cum
219 1917 259 1979 ab
285 1935 332 1993 eu,
359 1917 536 1995 imperatore
569 1935 633 1990 suo,
668 1918 798 1975 Romam
831 1915 938 1977 missus
971 1930 1057 1993 esset,
1085 1922 1165 1997 apud

116 2014 260 2092 populum
281 2016 454 2074 Romanum
482 2011 651 2073 criminatus
672 2023 717 2073 est
738 2012 861 2072 ‘bellum
883 2013 966 2073 illum
988 2016 1111 2076 ducere:
1140 2017 1165 2076 si

117 2125 151 2169 se
177 2111 330 2170 consulem
358 2109 507 2184 iecissent,
534 2107 616 2169 brevi
643 2117 775 2184 tempore
802 2119 854 2167 aut
880 2107 979 2168 vivum
1006 2121 1057 2170 aut
1090 2130 1165 2171 mor-

116 2214 201 2265 tuum
215 2207 388 2284 Iugurtham
402 2226 434 2267 se
448 2207 479 2265 in
496 2215 673 2283 potestatem
690 2204 793 2282 populi
813 2205 943 2264 Romani
959 2206 1163 2266 redacturum’
1178 2236 1210 2272 ιο

117 2302 224 2379 Itaque
246 2305 341 2364 sactus
364 2314 409 2364 est
430 2303 480 2363 ille
508 2303 628 2380 quidem
650 2303 762 2374 consul,
787 2302 883 2363 sed'a
908 2303 969 2363 fide
996 2302 1163 2382 iustitiaque

116 2398 260 2472 discessit,
282 2399 334 2476 qui
361 2398 506 2477 optimum
527 2410 557 2459 et
583 2397 787 2476 gravissimum
815 2398 918 2471 civem,
940 2399 1024 2460 cuius
1051 2401 1163 2479 legatus

116 2507 148 2557 et
173 2515 193 2558 a
219 2516 280 2574 quo
300 2496 407 2558 missus
430 2507 515 2573 esset,
538 2495 570 2557 in
591 2496 733 2558 invidiam
753 2499 828 2558 salso
855 2496 977 2559 crimine
998 2499 1160 2560 adduxerit

142 2627 331 2670 emma„
369 2596 418 2654 80.
448 2596 496 2654 Ne
514 2604 615 2654 noster
632 2593 754 2671 quidem
775 2593 964 2655 Gratidianus
979 2595 1076 2656 officio
1090 2596 1162 2657 boni

115 2689 230 2721 ”mm
367 2690 421 2751 viri
448 2693 567 2751 functus
594 2700 639 2770 est
664 2701 738 2764 tum,
760 2711 830 2751 cum
856 2698 972 2771 praetor
998 2705 1076 2754 esset
1103 2694 1162 2754 col·
1175 2724 1204 2773 25

115 2789 285 2869 legiumque
298 2799 464 2867 praetorum
478 2786 587 2848 tribuni
601 2787 681 2865 plebi
695 2787 907 2862 adhibuissent,
922 2801 955 2850 ut
969 2809 1014 2850 res
1028 2790 1162 2850 numaria

115 2889 155 2949 de
167 2886 320 2948 communi
334 2884 480 2947 sententia
493 2883 719 2945 constitueretur
723 2904 733 2958 3
752 2885 914 2946 iactabatur
932 2885 1012 2948 enim
1026 2887 1162 2965 tempori·

114 2983 170 3043 bus
190 2981 247 3041 illis
264 3000 371 3041 numus
389 2978 442 3054 sic,
456 2991 489 3040 ut
503 2998 592 3041 nemo
609 2991 709 3057 posset
727 2980 801 3040 scire
817 2980 891 3058 quid
909 2982 1038 3042 haberet.
1081 2985 1162 3045 Con-

114 3079 292 3157 scripserunt
307 3077 504 3138 commuuiter
517 3076 649 3137 edictum
668 3096 736 3136 cum
750 3095 848 3155 poena
862 3089 952 3155 atque
966 3077 1078 3140 iudicio
1091 3100 1162 3140 con·

113 3176 338 3250 stituemntque,
352 3185 386 3234 ut
406 3193 511 3235 omnes
529 3172 616 3234 simul
635 3172 666 3233 in
685 3185 779 3234 rostra
798 3185 866 3252 post
886 3174 1040 3236 meridiem
1061 3196 1160 3238 escen·
1171 3204 1204 3256 30

113 3275 226 3334 derent
255 3273 295 3331 Et
305 3269 395 3332 ceteri
407 3270 527 3348 quidem
539 3270 613 3330 alius
623 3270 691 3344 alio,
702 3269 814 3330 Marius
823 3271 861 3331 ab
870 3271 1015 3332 subselliis
1028 3271 1060 3332 in
1068 3286 1160 3334 rostra

112 3378 193 3429 recta
206 3367 306 3444 idque,
322 3366 404 3443 quod
418 3365 615 3426 communiter
631 3366 830 3443 compositum
846 3369 948 3440 suerat,
963 3369 1043 3427 solus
1057 3368 1156 3428 edixit.
1233 3420 1234 3424 ,

114 3465 153 3523 Et
173 3481 210 3523 ea
231 3481 287 3535 res,
311 3461 336 3522 si
356 3461 481 3539 quaeris,
503 3461 532 3521 ei
555 3479 664 3538 magno
688 3461 795 3522 honori
815 3461 878 3522 fuit.
919 3461 1067 3524 Omnibus
1087 3462 1159 3523 vicis

112 3571 235 3634 statuae,
251 3559 290 3619 ad
308 3578 358 3620 eas
376 3571 432 3633 tus,
447 3557 532 3620 cerei
576 3557 658 3634 Quid
671 3560 781 3619 multa?
801 3578 890 3620 nemo
905 3578 1046 3636 umquam
1064 3561 1159 3621 multi·

113 3655 210 3718 tudini
223 3655 277 3715 fuit
291 3655 392 3717 carior.
436 3658 483 3717 81.
518 3658 604 3717 Haec
616 3667 684 3716 suut
698 3674 774 3734 quae
786 3656 963 3717 conturbent
973 3655 1005 3714 in
1019 3656 1158 3719 delibera·
1169 3682 1200 3736 3⁵

112 3753 194 3814 tione
208 3771 270 3811 non
284 3771 455 3831 numquam,
471 3771 540 3812 cum
557 3752 597 3827 id,
613 3751 719 3830 inquo
737 3751 862 3812 violatur
882 3751 1024 3830 aequitas
1038 3772 1103 3813 non
1118 3754 1163 3816 ita

106 3864 250 3922 magnum,
265 3844 341 3908 illud
356 3859 468 3926 autem,
485 3851 572 3931 quod
585 3871 624 3916 ex
642 3871 680 3916 eo
695 3849 818 3935 paritur,
831 3869 1036 3934 permaguum
1048 3851 1190 3921 uidetur»
