2580 4184
96 211 97 214 ’
149 201 187 259 ⁶6
384 199 524 259 Homines
542 201 704 260 hominibus
723 202 847 259 maxime
866 202 947 259 utiles
1059 197 1106 281 [11
1121 217 1141 259 v
1158 204 1192 260 16

147 365 226 427 victu
241 377 271 426 et
284 368 365 426 cultu
379 365 560 428 bestiarum?
587 368 686 428 Urbes
698 387 769 428 vero
784 367 848 428 sine
861 366 1018 428 hominum
1028 377 1117 428 coetu
1130 385 1192 426 non

145 462 311 542 potuissent
322 483 378 524 nec
391 464 539 524 aedificari
553 483 610 524 nec
624 464 810 542 frequentari,
820 484 856 525 ex
867 484 927 542 quo
941 466 1021 541 leges
1035 483 1192 541 moresque
1231 520 1236 536 ,

146 677 219 736 quas
232 676 278 718 res
292 667 322 717 et
335 657 533 718 mansuetudo
547 657 715 717 animorum
728 668 889 718 consecuta
907 668 936 718 et
949 656 1129 718 verecundia
1146 668 1192 718 est

146 745 344 832 effectumque
357 765 391 815 ut
404 764 481 815 esset
491 753 552 813 vita
565 753 705 815 munitior
715 764 804 830 atque
817 764 850 813 ut
862 755 962 814 dando
973 764 1006 858 pt
1016 752 1191 830 accipiendo
1222 775 1236 825 5

146 851 357 930 mutandisque
370 850 556 911 facultatibus
571 860 600 910 et
614 850 781 911 commodis
795 851 876 909 nulla
888 868 920 910 re
934 868 1093 926 egeremus,

110 953 135 1002 V
458 947 502 1006 16.
545 945 707 1023 Longiores
729 946 787 1006 hoc
810 946 879 1006 loco
902 964 1004 1005 sumus
1027 964 1117 1022 quam
1140 965 1190 1007 ne·

146 995 356 1097 oriir‘iiiinffitliffi
394 1063 478 1104 cesse
501 1053 553 1104 est.
597 1042 673 1118 Quis
697 1053 742 1104 est
765 1041 846 1104 enim
873 1041 921 1101 cui
945 1062 1006 1103 non
1034 1043 1190 1120 perspicua

145 1110 360 1240 Ξζέυἷῒῇώῖἷῗ
397 1139 456 1200 sint
472 1139 530 1213 illa,
551 1158 628 1216 quae
647 1138 779 1217 pluribus
797 1139 893 1200 verbis
911 1159 930 1199 a
948 1140 1090 1201 Panaetio
1108 1161 1192 1202 com-

225 1211 261 1250 ΡΟ
304 1211 338 1248 ³¹¹⁹
394 1245 603 1309 memorantur,
625 1235 774 1296 neminem
795 1254 893 1312 neque
914 1236 1022 1295 ducem
1041 1235 1112 1296 belli
1132 1256 1190 1297 nec
1205 1263 1237 1299 ιο

145 1330 310 1411 principem
324 1331 407 1392 domi
425 1350 547 1409 magnas
564 1350 611 1391 res
624 1341 655 1392 et
669 1333 808 1391 salutares
827 1330 890 1390 sine
909 1330 1065 1392 hominum
1083 1332 1189 1393 studiis

144 1447 244 1506 gerere
258 1427 411 1506 potuisse?
453 1429 712 1499 Commemoratur
726 1428 763 1488 ab
777 1446 815 1488 eo
829 1426 1045 1488 Themistocles
1060 1427 1188 1489 Pericles

145 1525 239 1602 Cyrus
253 1524 407 1602 Agesilaus
421 1525 598 1596 Alexander,
616 1543 692 1600 quos
711 1533 798 1600 negat
816 1522 879 1583 sine
897 1522 1076 1584 adiumentis
1093 1524 1191 1584 homi·

73 1657 76 1661 ⁴
145 1640 219 1680 num
232 1631 329 1681 tantas
342 1640 388 1682 res
402 1621 518 1680 efficere
531 1619 671 1697 potuisse.
715 1618 818 1680 Utitur
835 1618 866 1678 in
879 1638 911 1680 re
929 1638 991 1680 non
1005 1618 1096 1679 dubia
1108 1620 1189 1681 testi·

338 1755 353 1797 d
394 1717 450 1777 bus
465 1735 526 1776 non
541 1714 719 1776 necessariis.
749 1718 849 1792 Atque
862 1726 896 1776 ut
910 1734 1032 1794 magnas
1045 1715 1187 1778 utilitates
1203 1743 1233 1792 ¹5

144 1753 230 1804 capable
275 1754 337 1796 lndee

143 1803 356 1946 ᾒῖἓξιξὴὲξηῑξωξξ
393 1811 585 1888 adipiscimur
601 1811 819 1888 conspiratione
838 1811 993 1871 hominum
1010 1822 1098 1890 atque
1117 1832 1187 1874 con·

144 1916 178 1944 mu

143 1967 168 1996 a
196 1905 246 1995 ήξζῑ»
260 1906 354 2007 {gg}
394 1928 491 1982 sensu,
511 1908 553 1969 sic
568 1911 649 1968 nulla
661 1921 723 1969 tarn
737 1908 917 1969 detestabilis
930 1908 1021 1986 pestis
1039 1921 1092 1983 est,
1108 1929 1186 1987 quae

144 2004 230 2046 “⁰¹1oe-
393 2025 455 2066 non
487 2005 601 2067 homini
635 2006 673 2066 ab
705 2004 826 2066 homine
858 2017 1002 2066 nascatur.
1045 2007 1099 2067 Est
1134 2008 1186 2067 Di·

143 2101 278 2161 caearchi
305 2102 379 2163 liber
406 2104 445 2163 de
473 2101 591 2164 interitu
619 2101 783 2175 hominum,
815 2101 1002 2179 Peripatetici
1028 2103 1127 2181 magni
1154 2117 1185 2167 et

143 2197 264 2274 copiosi,
287 2197 339 2275 qui
358 2198 489 2258 collectis
510 2197 613 2258 ceteris
634 2197 730 2257 causis
751 2197 895 2258 eluvionis
916 2196 1100 2274 pestilentiae
1121 2220 1186 2260 vas-
1198 2222 1230 2258 20

142 2293 240 2367 titatis‚
257 2294 411 2354 beluarum
425 2293 514 2354 etiarn
528 2293 697 2370 repentinae
712 2292 916 2367 multitudinis,
933 2312 1057 2369 quarum
1071 2293 1185 2373 impetu

142 2392 231 2451 docet
244 2391 392 2467 quaedam
407 2390 560 2451 hominum
573 2409 682 2467 genera
696 2409 759 2450 esse
774 2400 958 2466 consumpta,
978 2388 1087 2451 deinde
1104 2412 1185 2453 com·

141 2497 223 2564 parat
233 2497 345 2563 quanto
359 2488 457 2562 plures
468 2485 558 2546 deleti
572 2485 629 2545 sint
641 2485 776 2546 homines
787 2484 942 2545 hominurn
956 2484 1077 2563 impetu,
1093 2486 1125 2547 id
1139 2500 1184 2550 est

141 2582 226 2645 bellis
239 2592 290 2641 aut
304 2581 506 2656 seditionibus,
518 2600 608 2658 quarn
619 2580 702 2642 omni
714 2580 827 2658 reliqua
841 2580 1013 2641 calamitate.
1040 2599 1084 2656 17.
1104 2585 1183 2646 Cum

141 2677 228 2757 igitur
245 2676 294 2736 hic
309 2678 393 2739 locus
406 2677 480 2737 nihil
497 2677 605 2738 habeat
627 2676 827 2750 dubitationis,
849 2677 921 2754 quin
940 2677 1075 2738 homines
1095 2681 1184 2756 pluri·
1195 2697 1226 2746 25

390 2793 473 2833 mum
486 2773 656 2834 hominibus
674 2784 704 2835 et
724 2773 837 2851 prosint
856 2786 885 2834 et
904 2774 1011 2847 obsint,
1030 2776 1182 2852 proprium

139 2854 352 2956 pnffissffissffigsseng
386 2873 445 2932 hoc
459 2881 558 2931 statuo
578 2890 643 2931 esse
656 2870 771 2931 virtutis
789 2868 947 2930 conciliare
960 2868 1076 2930 animos
1090 2871 1184 2932 homi-

140 2955 353 3046 }l'ifftug'ffffigfif
387 2986 460 3026 num
474 2976 504 3027 et
515 2966 557 3029 ad
571 2984 640 3025 usus
654 2985 723 3025 suos
737 2964 903 3042 adiungere.
939 2967 1052 3041 Itaque,
1060 2986 1136 3043 quae
1150 2966 1181 3028 in

140 3054 352 3155 {ssgnffil'ffffl}
388 3064 476 3124 rebus
494 3062 631 3122 inanimis
650 3082 786 3140 quaeque
806 3061 837 3121 in
869 3083 924 3123 usu
947 3075 976 3123 et
1008 3065 1181 3127 tractatione

139 3154 260 3296 Fmffiffl
272 3154 351 3245 2¹2¹}ss
387 3162 540 3222 beluarum
556 3162 631 3221 fiunt
644 3159 753 3220 utiliter
768 3161 808 3219 ad
823 3159 977 3220 hominurn
995 3161 1094 3237 vitam,
1118 3164 1183 3224 arti-
1194 3187 1225 3236 30

138 3253 352 3347 agffiffigzdffl‘
387 3259 444 3319 bus
471 3278 507 3319 ea
533 3257 700 3318 tribuuntur
726 3256 865 3333 operosis,
897 3255 1052 3316 hominum
1082 3270 1182 3318 autem

385 3353 483 3416 studia
513 3355 554 3413 ad
589 3353 849 3430 amplificationem
884 3363 1049 3412 nostrarum
1083 3372 1181 3413 rerum

137 3466 274 3537 prompta
291 3473 327 3517 ac
345 3464 447 3533 parata
467 3449 596 3512 virorum
621 3447 831 3528 praestantium
853 3447 997 3527 sapientia
1023 3459 1054 3510 et
1074 3448 1181 3513 virtute

189 3620 206 3671 6
222 3617 404 3670 mutandis-et
412 3612 551 3665 commodis
558 3613 600 3662 Ba
607 3627 664 3661 cum
672 3611 735 3662 codd.
739 3611 900 3671 mutuandis
908 3611 955 3662 fac.
964 3619 989 3662 et
1000 3612 1190 3663 commodandis

136 3702 251 3768 plerique
261 3699 312 3750 edd.
320 3697 500 3762 postNom'um
530 3697 540 3750 ll
574 3708 603 3744 10
619 3692 686 3741 bello
696 3692 779 3741 Heine
793 3698 878 3740 contra
883 3693 1010 3757 plerosque
1020 3693 1085 3742 codd.
1115 3697 1126 3751 ll
1157 3706 1188 3756 29

138 3776 210 3823 uerba
221 3789 266 3823 usu
277 3781 303 3822 et
312 3771 403 3821 absunt
414 3787 431 3820 a
441 3768 506 3820 codd.
517 3769 608 3834 antiq„
620 3769 770 3817 secluserunt
779 3766 820 3816 Ba
831 3767 912 3815 Heine
921 3765 963 3814 Lu
996 3767 1006 3821 ll
1040 3778 1070 3826 33
1087 3778 1184 3810 morum

113 3854 277 3912 praestantia
288 3861 316 3904 et
326 3850 421 3904 sonte
432 3851 543 3920 Madvig
552 3853 593 3904 Lu
599 3850 720 3918 probante
731 3848 833 3912 Heluio,
844 3847 900 3899 viu
911 3851 1065 3898 commuue.
1075 3849 1162 3908 exeget.
