2580 4184
117 194 157 253 30
294 176 298 184 ·
448 177 827 254 *Domestztaefortitudina
985 164 1192 258 [rxx11179''‘

114 341 298 421 triumphum
324 345 444 406 tertium
470 347 694 424 deportaturum
721 347 820 421 fuisse,
848 345 905 406 nisi
938 365 1009 407 meo
1042 345 1074 406 in
1101 365 1164 406 rem

113 439 265 516 publicam
291 440 446 512 beneficio,
465 443 517 504 ubi
543 443 742 522 triumpharet,
762 455 840 506 esset
873 442 1034 504 habiturus
1090 445 1166 504 Sunt

114 535 201 614 igitur
222 538 404 600 domesticae
426 540 612 603 fortitudines
639 562 701 603 non
728 541 879 604 inferiores
905 540 1098 601 militaribus:
1133 539 1164 600 in

114 632 222 710 quibus
243 637 310 713 plus
331 634 430 714 etiam,
446 657 538 716 quam
561 637 593 699 in
616 638 662 700 his
686 658 794 718 operae
817 637 967 716 studiique
988 639 1163 717 ponendum

114 740 168 790 est.
1193 747 1208 794 5

18 831 100 883 lx111
138 839 210 882 Moral
222 839 327 900 therefore
427 846 473 906 79.
514 829 648 893 Omnino
657 830 731 891 illud
740 831 909 903 honestum,
921 829 1005 907 quod
1015 827 1161 890 exanimo

112 890 327 1040 Ξιὲἓιιὲζιὲῑῇἶξέξ
363 927 482 986 excelso
495 925 713 1004 magnificoque
726 925 905 1003 quaerimus,
919 924 1012 985 animi
1025 923 1159 1000 efficitur,

112 1040 214 1090 namo
243 1040 326 1082 satine
364 1040 426 1081 non
439 1023 570 1100 corporis
588 1022 706 1084 viribus
749 1023 959 1087 Exercendum
978 1033 1079 1084 tamen
1097 1041 1163 1082 cor·

111 1091 326 1191 ffiilffiin‘ffll
363 1137 420 1196 pus
439 1130 471 1180 et
490 1119 532 1180 ita
548 1119 739 1183 afficiendum
754 1129 808 1193 est,
822 1130 857 1180 ut
877 1118 1019 1181 oboedire
1034 1119 1160 1181 consilio

111 1191 320 1251 edanddisciplined.
410 1215 417 1227 ·
462 1215 469 1228 ι
622 1217 628 1230 .
665 1217 671 1230 .
889 1216 896 1228 .
1024 1215 1041 1228 ..
1130 1216 1136 1228 .

111 1239 138 1280 111
146 1240 231 1282 warrhe
240 1241 327 1282 wrsdorn
363 1226 530 1294 ratlonlque
549 1229 643 1295 POSSlt
662 1238 694 1278 ln
714 1217 913 1295 exsequendls
933 1228 1058 1295 ssegOillS
1077 1226 1108 1278 et
1128 1237 1159 1276 ln
1177 1233 1205 1268 ¹0

109 1290 326 1382 sssstffifffffl
362 1312 463 1374 labore
489 1315 652 1376 tolerando.
695 1317 868 1375 Honestum
890 1323 991 1373 autem
1014 1312 1055 1388 id,
1077 1315 1160 1391 quod

109 1391 321 1483 fflssffifffld‘h‘
359 1409 549 1489 exquirimus,
563 1421 660 1472 totum
680 1423 726 1471 est
745 1411 877 1488 positum
890 1409 922 1471 in
940 1409 1031 1492 am'pni
1045 1432 1116 1472 cura
1128 1424 1159 1474 et

108 1505 304 1585 cogitatione:
325 1506 356 1567 in
371 1526 432 1584 quo
446 1526 509 1567 non
524 1506 669 1568 minorem
687 1505 845 1567 utilitatem
858 1508 983 1567 afferunt
1002 1505 1053 1584 qui
1066 1505 1158 1586 togati

107 1603 150 1664 rei
162 1603 299 1682 publicae
312 1614 452 1682 praesunt
466 1622 557 1681 quam
576 1602 627 1680 qui
645 1604 758 1664 bellum
773 1613 886 1680 gerunt
930 1606 1035 1680 Itaque
1053 1623 1157 1664 eorum

106 1700 231 1763 consilio
251 1720 340 1779 saepe
360 1691 411 1761 aut
431 1719 493 1761 non
513 1711 650 1779 suscepta
669 1710 721 1761 aut
742 1703 879 1761 confecta
899 1699 977 1762 bella
997 1713 1074 1774 sunt,
1094 1720 1156 1762 non
1172 1731 1199 1780 15

106 1817 270 1876 numquam
283 1797 373 1858 etiam
385 1796 486 1871 inlata,
497 1808 532 1857 ut
546 1799 588 1857 Μ.
606 1796 729 1877 Catonis
743 1798 855 1858 bellum
868 1797 988 1857 tertium
998 1796 1155 1873 Punicum,

105 1895 137 1955 in
151 1915 212 1973 quo
225 1894 316 1958 etiam
329 1894 438 1974 mortui
451 1893 543 1955 valuit
560 1893 725 1955 auctoritas
769 1897 817 1953 80.
853 1895 923 1970 Qua
940 1915 972 1955 re
988 1896 1156 1972 expetenda

106 1993 229 2071 quidem
242 1991 335 2070 magis
353 2003 399 2053 est
415 1990 595 2062 decernendi
613 1991 688 2052 ratio
702 2011 792 2068 quam
811 1990 983 2052 decertandi
1001 1991 1152 2067 fortitudo,

105 2091 159 2151 sed
172 2089 338 2149 cavendum
352 2107 390 2148 ne
404 2086 436 2147 id
449 2087 580 2164 bellandi
594 2087 687 2165 magis
706 2089 775 2165 suga
788 2107 879 2164 quam
893 2087 1025 2149 utilitatis
1038 2088 1153 2151 ratione

94 2185 255 2246 iaciamus.
297 2185 414 2244 Bellum
427 2195 527 2245 autem
541 2183 582 2245 ita
595 2184 779 2263 suscipiatur,
795 2196 827 2245 ut
841 2185 914 2245 nihil
928 2186 1010 2246 aliud
1023 2185 1080 2247 nisi
1093 2208 1153 2266 pax
1166 2213 1196 2247 πο

129 2328 147 2356 ,,
174 2313 221 2372 Th,
236 2311 314 2372 5eamd
351 2281 486 2358 quaesita
511 2281 653 2343 videatur.
701 2282 796 2343 Fortis
820 2303 890 2344 vero
911 2283 1004 2343 animi
1026 2295 1057 2345 et
1083 2305 1154 2346 con·

77 2377 81 2384 '
104 2362 318 2462 ξᾟῇῗξξῗζομῗῖ
352 2377 455 2437 stantis
475 2389 521 2438 est
541 2396 602 2437 non
622 2377 785 2454 perturbari
804 2377 836 2438 in
856 2379 943 2440 rebus
964 2379 1075 2457 asperis
1095 2400 1152 2442 nec

103 2465 210 2505 [ΜΝ
235 2462 259 2503 ⁰f
279 2474 315 2502 ²⁰·
352 2475 582 2553 tumultuantem
609 2475 648 2534 de
674 2475 768 2558 gradu
794 2473 880 2548 deici,
903 2486 936 2535 ut
958 2475 1074 2551 dicitur,
1096 2478 1152 2538 sed

103 2511 315 2554 tionsattendedwith

103 2562 315 2664 {fflssssssssydffi
351 2570 498 2646 praesenti
519 2570 621 2632 animo
643 2571 687 2631 uti
710 2581 741 2632 et
762 2571 887 2633 consilio
911 2593 968 2634 nec
991 2593 1010 2632 a
1036 2573 1150 2636 ratione

102 2662 314 2764 ffiungffldg
351 2668 510 2728 discedere.
553 2670 601 2727 81.
644 2669 835 2745 Quamquam
861 2670 920 2729 hoc
947 2668 1047 2743 animi,
1074 2669 1150 2731 illud
1162 2683 1192 2730 25

102 2761 315 2864 ffigfflffiggssg
352 2762 441 2823 etiam
461 2761 571 2840 ingenii
591 2761 690 2841 magni
709 2774 763 2838 est,
782 2764 950 2842 praecipere
969 2763 1149 2842 cogitatione
1201 2798 1206 2808 x

100 2863 314 2954 ggpfjsgltffffij
351 2862 448 2919 sutura
467 2869 498 2918 et
517 2858 669 2936 aliquanto
689 2870 758 2920 ante
778 2859 964 2934 constituere,
980 2860 1054 2937 quid
1073 2860 1149 2920 acci·

99 2964 158 3004 talin
167 2963 250 3005 action
349 2957 420 3016 dere
433 2952 526 3030 possit
533 2954 565 3014 in
578 2965 734 3032 utramque
746 2965 860 3033 partem
870 2967 901 3016 et
914 2955 987 3032 quid
997 2955 1147 3033 agendum

99 3054 144 3128 sit,
159 3073 229 3115 cum
243 3051 316 3131 quid
323 3051 467 3125 evenerit,
481 3069 538 3112 nec
553 3050 738 3113 committere
751 3062 785 3112 ut
802 3051 963 3128 aliquando
983 3051 1146 3112 dicendum

98 3152 136 3213 sit
151 3154 240 3213 ‘Non
252 3150 405 3230 putaram?
447 3151 535 3208 Haec
548 3159 618 3209 sunt
631 3167 721 3226 opera
734 3148 833 3227 magni
843 3147 934 3209 animi
948 3159 977 3210 et
991 3148 1101 3210 excelsi
1114 3160 1144 3210 et
1157 3167 1189 3214 so

96 3247 254 3327 prudentia
270 3245 455 3321 consilioque
469 3243 601 3308 fidentis-
638 3246 765 3305 Temere
781 3255 882 3304 autem
902 3244 933 3304 in
953 3243 1017 3306 acie
1035 3246 1145 3307 versari

95 3360 126 3408 et
146 3366 237 3407 manu
256 3364 327 3405 cum
347 3343 433 3403 hoste
452 3340 610 3419 confligere
630 3339 760 3403 immane
774 3341 918 3418 quiddam
937 3354 967 3402 et
988 3342 1143 3403 beluarum

95 3442 191 3504 simile
211 3453 256 3504 est
266 3461 276 3515 ;
296 3440 350 3501 sed
368 3457 438 3499 cum
458 3447 575 3514 tempus
595 3437 813 3516 necessitasque
833 3441 970 3516 postulat,
992 3441 1144 3501 decertan-

95 3540 169 3615 dum
187 3559 278 3600 manu
298 3549 343 3599 est
361 3549 392 3598 et
412 3555 492 3597 mors
513 3535 644 3597 servituti
667 3535 900 3614 turpitudinique
921 3538 1139 3615 anteponenda

18 3643 83 3697 xlv
342 3636 389 3694 82.
427 3634 474 3693 De
486 3632 651 3694 evertendis
664 3644 765 3694 autem
773 3632 1004 3710 diripiendisque
1018 3633 1140 3696 urbibus
1152 3657 1183 3706 35

94 3697 301 3752 mauraneum·
340 3728 427 3791 valde
454 3727 703 3790 considerandum
730 3740 775 3790 est
796 3746 835 3791 ne
856 3727 930 3806 quid
957 3740 1076 3805 temere,
1100 3725 1138 3795 ne

498 3855 528 3893 ar
546 3842 623 3895 animi
634 3858 682 3896 om.
697 3842 736 3895 Or
