2580 4184
105 195 157 256 111
171 211 195 255 x
209 189 264 275 45]
366 192 416 253 De
433 191 601 253 contentione
618 192 742 253 Honesti
759 200 786 253 et
810 192 899 256 Utilis
1098 211 1152 255 rrr

359 356 549 436 Chrysippus,
578 368 611 419 ut
638 359 750 418 multa:
779 357 858 433 ‘Qui
885 357 1031 419 stadium'
1058 356 1155 434 inquit

105 442 322 537 „ffi‘ssfffissffi
360 453 474 528 ‘currit
500 452 572 515 eniti
595 464 626 515 et
647 455 829 516 contendere
851 455 941 516 debet
963 473 1055 532 quam
1076 473 1155 513 max·

105 545 210 646 ἓξὲξ
216 545 322 636 ξζζᾌίξζξ
359 569 429 612 ume
442 549 535 629 possit
549 561 581 610 ut
595 549 702 619 vincat,
735 552 922 629 supplantare
936 570 1014 624 eum,
1033 550 1155 628 quicum

104 645 322 739 ffiffisoreiuffloe
359 658 460 722 certet,
482 657 533 707 aut
553 666 644 706 manu
665 647 813 724 depellere
834 648 916 708 nullo
937 648 1030 708 modo
1050 647 1154 709 debet:

105 744 322 839 „ripieiiffiiii
359 742 453 804 sicin
473 742 534 804 vita
554 742 610 804 sibi
631 762 781 820 quemque
800 754 900 820 petere
915 745 997 820 quod
1011 743 1155 820 pertineat
1185 767 1199 818 5

105 827 226 890 merea
358 840 398 902 ad
425 859 512 900 usum
541 859 602 900 non
623 838 759 917 iniquum
780 849 833 914 est,
854 839 937 899 alteri
957 838 1090 919 deripere
1110 839 1157 900 ius

106 958 170 1000 non
183 940 247 1000 est’

133 1084 202 1136 min
227 1084 286 1126 Lm
300 1083 326 1126 of
422 1054 470 1112 43.
514 1037 655 1096 Maxume
674 1046 773 1095 autem
792 1035 997 1113 perturbantur
1015 1034 1113 1096 officia
1126 1034 1156 1096 in

108 1115 222 1194 rtiend’s
273 1148 324 1186 may
361 1129 505 1204 amicitiis,
531 1129 639 1207 quibus
668 1139 697 1189 et
724 1149 786 1189 non
814 1129 942 1191 tribuere
969 1132 1051 1207 quod
1077 1141 1157 1191 recte

108 1195 230 1226 Sometimes
260 1198 324 1226 cause

107 1249 163 1326 ἓξὲξ
171 1246 324 1335 ninriiiy‘v‘
361 1226 456 1306 possis
480 1237 510 1288 et
528 1226 655 1287 tribuere
676 1227 759 1303 quod
779 1245 841 1286 non
861 1225 899 1286 sit
912 1245 1040 1303 aequum
1055 1239 1158 1286 contra
1171 1250 1202 1288 ιο

135 1347 208 1377 nutu:
251 1337 325 1376 Never
362 1323 491 1385 officium
507 1334 558 1384 ese
602 1324 662 1384 Sed
680 1322 766 1382 huius
785 1322 900 1400 generis
917 1322 1008 1383 totius
1026 1324 1114 1385 breve
1128 1335 1157 1384 et

107 1386 179 1437 prefer
190 1385 247 1426 what
256 1398 325 1426 seeum

124 1435 325 1527 ιὲἳιὲωιῇἓξξέ
362 1440 424 1481 non
452 1419 570 1480 difficile
597 1431 788 1497 praeceptum
816 1431 868 1481 est.
912 1421 998 1495 Quae
1018 1419 1098 1481 enim
1118 1420 1159 1481 vi·

191 1517 197 1537 ‚
268 1518 272 1525 .

108 1546 132 1578 to
148 1536 183 1596 qe
198 1516 326 1596 obtigerunt
363 1519 471 1578 dentur
490 1515 582 1588 utilia,
604 1516 741 1589 honoreS,
765 1515 892 1590 divitiae,
914 1519 1088 1595 voluptates,
1113 1537 1158 1579 ce·

109 1582 327 1678 iiie'i‘n‘iihii'iwi
364 1627 426 1676 tera
445 1613 560 1692 generis
580 1612 723 1687 eiusdem,
738 1615 812 1675 haec
831 1614 976 1676 amicitiae
996 1636 1158 1695 numquam

109 1685 327 1738 iriendtorheinjury

110 1737 181 1778 orne
195 1737 273 1788 putre,
289 1737 326 1805 nge
364 1713 575 1791 anteponenda
589 1723 665 1772 sunt
708 1715 749 1773 At
768 1733 866 1790 neque
884 1725 987 1774 contra
1005 1735 1067 1776 rem
1086 1717 1159 1793 pub
1173 1733 1201 1784 15

110 1787 327 1888 inretifhoriiueins‘tfi
364 1810 452 1870 licam
486 1829 584 1887 neque
619 1821 722 1869 contra
749 1809 793 1871 ius
821 1811 977 1872 iurandum
1005 1832 1040 1872 ac
1067 1813 1159 1873 fidem

111 1887 324 1938 ¹⁶¹¹¹¹¹⁶⁰⁸³⁸⁶¹¹¹⁸¹¹'”
364 1905 452 1966 amici
472 1925 562 1966 causa
580 1905 740 1966 virbonus
767 1905 863 1980 saciet,
884 1928 923 1968 ne
943 1907 968 1968 si
988 1908 1079 1970 iudex
1098 1909 1161 1986 qui·
1216 1978 1221 1985 ,

112 2006 182 2066 dem
208 2005 263 2066 erit
286 2005 324 2065 de
347 2004 413 2082 ipso
437 2002 541 2062 amico
588 2002 677 2063 Ponit
695 2002 775 2063 enim
793 2021 950 2080 personam
970 2005 1058 2064 amici
1091 2026 1160 2066 cum

112 2100 209 2162 induit
225 2100 339 2162 iudicis.
382 2103 514 2161 Tantum
536 2099 618 2160 dabit
640 2099 795 2173 amicitiae,
810 2110 844 2159 ut
864 2119 963 2160 veram
985 2101 1074 2162 amici
1095 2123 1161 2162 cau-

113 2215 176 2256 sam
203 2215 269 2256 esse
293 2194 385 2267 malit,
414 2207 447 2256 ut
475 2196 604 2255 orandae
631 2194 690 2254 litis
720 2205 847 2273 tempus,
876 2197 976 2272 quoad
1003 2217 1055 2274 per
1081 2201 1160 2275 leges
1173 2219 1204 2254 20

112 2294 208 2368 liceat,
223 2295 440 2355 accommodet.
503 2311 551 2366 44
574 2295 653 2354 Cum
670 2313 741 2354 vero
758 2292 853 2353 iurato
872 2294 1018 2354 sententia
1034 2293 1162 2356 dicenda

112 2390 175 2468 erit,
188 2390 356 2452 meminerit
389 2392 480 2452 deum
514 2409 547 2451 se
580 2390 721 2452 adhibere
755 2402 868 2465 testem,
897 2391 930 2452 id
963 2402 1017 2464 est,
1045 2404 1078 2453 ut
1105 2413 1161 2472 ego

115 2488 245 2563 arbitror,
274 2498 407 2549 mentem
435 2506 528 2560 suam,
557 2506 617 2564 qua
644 2488 717 2547 nihil
745 2487 859 2548 homini
887 2488 970 2550 dedit
998 2490 1072 2550 deus
1099 2489 1162 2569 ipse

116 2587 250 2649 divinius
295 2588 402 2663 Itaque
425 2586 605 2664 praeclarum
628 2606 646 2646 a
666 2586 825 2648 maioribus
852 2587 1022 2665 accepimus
1049 2608 1162 2650 morem

115 2682 238 2761 rogandi
260 2681 375 2757 iudicis,
390 2682 415 2744 si
437 2703 506 2744 eum
528 2695 705 2757 teneremus,
725 2700 807 2756 Qvnu
829 2701 925 2744 snuvn
948 2703 1022 2746 rma
1042 2703 1163 2748 nocane
1175 2706 1205 2753 25

117 2797 228 2842 Possm.
272 2783 361 2841 Haec
380 2780 493 2859 rogatio
514 2781 553 2841 ad
575 2799 610 2840 ea
630 2780 765 2859 pertinet,
789 2800 864 2859 quae
887 2784 989 2858 paullo
1012 2794 1081 2844 ante
1102 2783 1164 2844 dixi

116 2879 240 2938 honeste
260 2875 359 2936 amico
379 2895 398 2936 a
417 2877 517 2938 iudice
537 2897 624 2954 posse
646 2877 779 2938 concedi
824 2879 904 2936 Nam
928 2877 953 2939 si
977 2880 1078 2940 omnia
1097 2880 1165 2941 saci·

116 2975 195 3035 enda
215 2973 282 3048 sint,
305 2993 381 3052 quae
403 2974 492 3035 amici
512 2975 612 3047 velint,
636 2993 698 3033 non
720 2972 866 3035 amicitiae
888 2976 962 3036 tales
989 2978 1044 3037 sed
1065 2978 1165 3038 coniu-

116 3071 245 3132 rationes
264 3071 414 3148 putandae
436 3071 502 3131 sint
545 3088 593 3147 45.
636 3072 761 3146 Loquor
778 3081 877 3131 autem
899 3072 938 3132 de
958 3072 1164 3134 communibus

116 3167 269 3228 amicitiis:
297 3187 368 3228 nam
395 3167 426 3228 in
454 3167 635 3245 sapientibus
659 3167 728 3228 viris
750 3167 948 3245 perfectisque
972 3169 1045 3228 nihil
1068 3180 1165 3246 potest
1177 3186 1209 3234 30

369 3285 434 3328 esse
455 3268 525 3327 tale.
567 3268 737 3326 Damonem
756 3276 786 3326 et
803 3264 952 3326 Phintiam
967 3268 1166 3344 Pydragoreos

117 3343 333 3437 ,effinffflssffl
370 3362 466 3425 serunt
484 3363 544 3422 hoc
561 3360 662 3421 animo
678 3360 755 3421 inter
768 3379 799 3420 se
813 3360 910 3434 tuisse,
925 3371 966 3434 ut,
981 3380 1166 3422 cumeorum

118 3456 235 3489 'mm
372 3459 455 3524 alteri
483 3458 644 3537 Dionysius
667 3469 809 3536 tyrannus
832 3458 913 3519 diem
937 3458 1019 3519 necis
1042 3458 1168 3519 destina·

118 3561 209 3623 visset
228 3571 260 3624 et
279 3559 315 3636 ie,
336 3559 389 3639 qui
409 3555 497 3618 morti
523 3555 662 3616 addictus
689 3566 776 3629 esset,
797 3574 909 3634 paucos
929 3555 986 3616 sibi
1006 3554 1070 3617 dies
1090 3574 1169 3616 com-

168 3697 329 3752 rutmulta·
363 3697 400 3748 Ut
416 3696 460 3762 qui
474 3695 592 3748 Steeod.
609 3696 713 3746 Benene
745 3697 756 3752 tl
792 3708 821 3744 nr
840 3693 946 3743 dicenda
958 3701 995 3745 est
1009 3696 1052 3746 Bo
1065 3703 1162 3746 auctore

118 3780 213 3841 Lund,·
227 3779 334 3830 dicenda
348 3777 380 3827 sit
392 3778 462 3827 BeZ
473 3777 510 3827 Or
523 3792 579 3826 nono
591 3775 671 3835 codd·,·
682 3774 789 3825 dicenda
804 3773 853 3825 erit
867 3773 948 3824 Heine
982 3779 994 3835 tl
1029 3773 1061 3828 26
1077 3785 1161 3843 posset

121 3858 398 3924 Oreumaliquoteodd.
