2580 4184
93 163 129 224 16
319 163 370 223 De
385 164 501 224 secundo
521 162 696 241 offleiifhnte
714 163 776 224 sr‘ve
792 164 912 223 Iustitia
996 159 1024 245 [1
1038 180 1086 224 x11
1102 181 1139 241 37

88 343 291 393 sacramento:
312 331 380 409 quia
393 330 490 408 priore
503 330 613 392 amisso
627 329 689 392 iure
703 351 772 420 pum
786 331 921 392 hostibus
934 352 1065 412 pugnare
1078 354 1140 395 non

88 439 212 505 poterat.
254 429 343 488 Adeo
370 427 489 489 summa'
514 439 577 488 erat
603 424 771 488 obse'ritatio
798 428 830 488 in
857 429 937 489 bello
964 428 1137 513 movendo]

89 542 134 600 37.
179 523 274 603 Marci
288 523 409 601 quidem
422 523 548 585 ¹Catonis
562 523 641 584 senis
655 534 699 584 est
708 523 834 601 epistula
841 526 881 586 ad
891 527 1027 593 Marcum
1036 525 1138 602 filium,

88 619 120 680 in
135 639 194 697 qua
207 619 307 680 scribit
325 640 357 680 se
377 620 495 681 audisse
516 639 586 680 eum
606 619 730 680 missum
751 622 862 680 factum
882 641 948 682 esse
968 607 1138 697 a'consule,

88 735 158 776 cum
176 716 208 776 in
226 715 407 776 Macedonia
426 716 505 777 bello
526 715 644 777 Persico
658 714 743 775 miles
757 728 844 777 esset.
887 719 995 778 Monet
1008 717 1094 796 igitur
1107 731 1140 779 ut
1169 741 1184 790 5

89 823 192 873 caveat
202 832 240 876 ne
249 812 394 890 proelium
408 811 507 883 ineat:
529 822 616 890 negat
630 809 709 872 enim
724 810 770 872 ius
784 831 848 872 esse
863 812 914 890 qul
927 812 1013 873 miles
1026 833 1089 874 non
1103 814 1140 875 sit

89 949 132 990 and
148 949 179 999 ,y
193 948 248 990 ,hdr
264 961 302 990 u„
339 928 409 968 cum
429 910 515 970 hoste
536 922 673 986 pignore.
717 907 867 986 Equidem
883 909 973 969 etiam
989 909 1065 971 illud
1079 911 1141 997 ani-

88 1000 293 1042 0f¹¹²0²⁸f¹¹¹l¹0⁸l²³·
337 1006 498 1078 madverto,
517 1006 607 1081 quod,
629 1004 680 1081 qui
701 1004 819 1082 proprio
840 1006 961 1066 nomine
981 1008 1140 1084 perduellis

88 1111 174 1174 esset,
189 1100 214 1161 is
228 1099 321 1161 hostis
335 1112 495 1174 vocaretur,
511 1100 631 1161 lenitate
644 1100 726 1163 verbi
744 1100 786 1181 rei
802 1101 949 1162 tristitiam
966 1104 1136 1182 mitigatam.

89 1197 195 1257 Hostis
209 1196 290 1258 enirn
303 1199 384 1274 apud
397 1197 523 1258 maiores
537 1208 653 1258 nostros
662 1196 686 1257 is
701 1189 855 1257 dicebatur
867 1217 957 1275 quem
966 1219 1046 1259 nunc
1059 1220 1139 1278 pere·
1154 1225 1185 1260 10

87 1293 204 1372 grinum
231 1292 365 1354 dicimus
413 1289 552 1354 Indicant
579 1291 741 1354 duodecim
767 1293 905 1354 tabulae:
939 1313 1001 1355 nvr
1028 1313 1139 1357 srnrvs

87 1407 160 1451 uras
174 1406 238 1450 cvm
253 1388 504 1466 uumquemque
517 1406 676 1450 novansvs
691 1405 817 1449 nosram
831 1408 980 1451 narrans
993 1409 1140 1454 nvcroru·

87 1503 151 1547 ans.
195 1485 279 1562 Quid
292 1486 332 1545 ad
345 1487 423 1546 hanc
440 1485 699 1560 mansuetudinem
712 1486 784 1546 addi
799 1498 907 1564 potest,
923 1508 1001 1563 eum,
1017 1490 1139 1566 quicum

87 1583 199 1644 bellum
221 1602 312 1660 geras,
336 1594 398 1642 tam
420 1583 503 1642 molli
531 1582 652 1642 nomine
679 1584 848 1659 appellare?
889 1586 1079 1662 Quamquam
1107 1587 1139 1649 id

88 1699 198 1740 nomen
212 1678 313 1738 durius
327 1678 424 1749 e-ffeo’t
438 1679 497 1738 iam
512 1689 662 1754 vetustas,
683 1697 701 1737 a
714 1679 868 1756 peregrino
882 1680 961 1741 enim
975 1683 1095 1744 recessit
1108 1696 1138 1745 et
1153 1711 1180 1761 15

87 1775 203 1854 proprie
218 1774 300 1835 ineo
315 1774 365 1851 qui
379 1794 461 1834 arma
474 1787 576 1835 contra
595 1777 681 1835 ferret
694 1776 842 1837 remansit.
885 1780 931 1853 38.
976 1781 1054 1840 Cum
1068 1801 1138 1842 vero

112 1909 175 1952 Son„
187 1909 249 1952 wa„
263 1923 300 1951 a„
337 1873 376 1933 de
390 1871 514 1949 imperio
532 1872 697 1932 decertatur
717 1872 855 1950 belloque
872 1874 1020 1951 quaeritur
1035 1877 1136 1954 gloria,

85 1961 218 2002 'mdefffl‘ffl
268 1961 300 2000 ‘⁰‘
337 1988 441 2029 causas
464 1969 586 2030 omnino
611 1969 732 2029 subesse
754 1980 854 2030 tamen
869 1982 985 2048 oportet
1005 1975 1136 2050 easdem,

85 2012 300 2063 gloryandconquest

86 2062 301 2162 {i‘ssnsikffiesssessf
339 2084 411 2142 quas
426 2065 487 2125 dixi
501 2066 600 2143 paullo
615 2076 683 2123 ante
694 2063 784 2125 iustas
795 2085 899 2126 causas
907 2087 972 2128 esse
980 2068 1136 2132 bellorum.

86 2162 301 2263 qufflttherffetlffi
338 2165 398 2225 Sed
411 2184 447 2224 ea
460 2164 545 2236 bella,
561 2162 668 2240 quibus
682 2162 797 2239 imperii
811 2163 963 2240 proposita
976 2165 1068 2242 gloria
1081 2178 1134 2241 est,
1149 2196 1180 2231 20

86 2262 303 2355 ffiffgoeffigmtlgp
339 2261 436 2320 minus
450 2262 555 2321 acerbe
568 2262 698 2338 gerenda
712 2281 787 2320 sun.
831 2261 876 2320 Ut
894 2261 974 2320 enim
992 2281 1062 2323 cum
1078 2264 1136 2324 civi

687 2335 711 2364 m
787 2339 854 2369 ,μγχ

86 2363 301 2455 Xsspbeqppduffigg
338 2358 421 2417 aliter
434 2358 652 2431 contendimus,
664 2336 689 2417 si
699 2378 731 2418 es
754 2376 899 2430 rnrmrcus
911 2357 1002 2432 aliter,
1018 2359 1043 2419 si
1057 2380 1137 2421 com-

85 2464 212 2514 differently·
336 2454 553 2532 petitor-cum
573 2458 664 2516 altero
685 2466 834 2515 certamen
855 2455 975 2515 honoris
995 2467 1026 2516 et
1044 2456 1136 2535 digni-

85 2555 152 2616 tatis
167 2565 220 2628 est,
235 2573 304 2613 curn
318 2554 409 2612 altero
424 2551 527 2636 cappis
542 2564 572 2611 et
586 2554 730 2624 famae-,
746 2551 788 2610 sic
802 2570 872 2610 cum
887 2551 1050 2627 Celtiberis,
1065 2573 1135 2614 cum

86 2651 214 2712 Cimbris
228 2651 339 2710 bellurn
353 2658 386 2706 ut
399 2667 467 2706 cum
482 2647 607 2708 inimicis
628 2649 789 2726 gerebatur,
804 2659 870 2707 uter
888 2658 973 2721 esset,
989 2668 1050 2709 non
1071 2662 1136 2711 uter
1147 2677 1175 2727 ²5

281 2823 287 2832 Ι
332 2743 497 2820 imperaret,
527 2763 597 2803 cum
615 2744 729 2804 Latinis
744 2742 859 2804 Sabinis
869 2744 1135 2819 Samnitibus,Poe·

84 2824 297 2932 mffingf⁰ss⁵ffi⁵ssssffg
337 2842 382 2902 nis
398 2845 508 2920 Pyrrho
523 2844 561 2903 de
580 2842 703 2920 imperio
722 2841 925 2903 dimicabatur.
968 2841 1063 2901 Poeni
1076 2844 1136 2903 foe-

84 2927 297 3026 ζῗῗξξῃρξξὲᾝζῗῖ
335 2940 446 3018 disragi,
461 2938 588 2999 crudelis
604 2938 765 3011 Hannibal,
780 2937 885 3012 reliqui
899 2935 1041 2996 iustiores
1067 2941 1135 3015 Pyr·

330 3036 375 3096 rhi
390 3036 511 3113 quidem
527 3036 565 3095 de
583 3034 706 3112 captivis
715 3032 880 3094 'reddendis
896 3032 946 3091 illa
965 3035 1133 3109 praeclara:

22 917 78 969 XII

212 3167 264 3216 Nec
280 3165 317 3216 mi
331 3182 423 3215 aurum
435 3174 506 3230 pasca
522 3182 564 3214 nec
581 3164 618 3214 rm'
627 3164 737 3228 pretium
753 3161 865 3212 dederitis
870 3175 884 3222 ,·
1145 3163 1177 3212 30

213 3263 255 3296 mc
279 3254 441 3311 cauponantes
456 3248 551 3306 bellum,
574 3247 616 3295 sed
629 3246 799 3310 belligerantes,

204 3328 284 3392 serra,
304 3344 355 3377 nan
370 3344 433 3376 aura
447 3328 528 3376 vitam
544 3341 673 3376 cernamus
689 3325 793 3389 utrique.

211 3424 284 3457 vosne
298 3409 362 3466 velit,
380 3425 416 3457 an
433 3424 471 3456 mc
487 3424 590 3472 regyrare
604 3424 647 3456 era
662 3407 751 3472 quidve
758 3405 829 3470 serat
843 3407 913 3466 Fors,

210 3490 301 3540 virtute
314 3491 478 3554 experiamur.
511 3496 534 3539 et
548 3490 591 3538 hac
605 3489 684 3538 simul
697 3488 775 3552 accrpe
789 3488 894 3536 dictura:

210 3569 427 3635 quarumvirtutci
437 3571 493 3619 belli
500 3570 609 3635 fortuna
623 3571 731 3634 pepercit,
1144 3566 1173 3616 35

134 3711 160 3746 11
178 3703 206 3746 ut
219 3698 263 3756 Or,
277 3702 319 3746 aut
330 3697 372 3745 Ba
382 3711 437 3744 curn
448 3693 512 3744 codd.
551 3696 562 3752 11
599 3708 628 3742 21
647 3708 703 3742 cum
714 3691 820 3741 civiliter
830 3688 1009 3745 contendimus,
1026 3686 1099 3736 aliter
1109 3688 1130 3737 si

84 3778 122 3828 Or
133 3777 213 3841 vulga
231 3778 335 3827 correxit
348 3776 505 3826 Anemoecius
540 3778 550 3833 ll
587 3789 616 3837 31
634 3789 686 3823 non
696 3773 738 3822 Ba
748 3773 828 3822 Heine
842 3773 884 3821 Lu
899 3770 992 3820 Vahlen
1007 3785 1064 3818 cum
1080 3785 1130 3818 uno

59 3857 145 3913 cedria,
160 3872 212 3907 nec
231 3860 308 3923 angor
340 3863 356 3919 p
388 3858 494 3924 33hera
509 3857 547 3910 Or
582 3861 592 3918 ΙΙ
663 3854 898 3924 34acplte2uport
910 3852 938 3902 Η
