2580 4184
98 197 295 283 11xv111o3]
480 223 553 283 quoe
562 207 686 284 pecunia
696 205 760 284 fiat
1113 209 1151 284 83

98 365 139 429 de
159 367 219 429 hoc
238 388 348 447 genere
371 381 436 433 toto
454 370 486 433 in
507 372 543 434 iis
561 373 651 448 libris,
675 393 751 451 quos
776 375 814 435 de
838 393 870 434 re
896 372 1016 451 publica
1037 369 1149 451 scripsi,

124 509 182 554 suen
210 525 314 564 „pem
351 468 508 547 diligenter
533 482 578 532 est
609 471 800 549 disputatum.
850 471 930 532 Tota
961 469 1049 549 igitur
1075 468 1150 531 ratio

91 571 155 654 ,ἓξ
143 562 202 654 «1¹³⁸
211 577 313 656 m
350 567 454 628 talium
474 567 661 646 largitionum
682 587 789 647 genere
810 566 916 628 vitiosa
935 577 989 639 est,
1012 571 1150 644 tempori-

97 673 178 754 }ffig·
191 664 313 758 ffiffig
349 662 406 724 bus
433 664 606 739 necessaria,
629 676 660 726 et
678 676 743 726 tum
765 663 863 741 ipsum
881 674 911 724 et
935 663 975 724 ad
995 664 1149 723 facultates

100 762 312 858 Jfflanumo·
349 762 607 822 accommodanda
647 772 678 823 et
719 759 923 821 mediocritate
965 760 1149 820 moderanda
1178 772 1192 822 5

10 853 89 905 tvlll
350 868 404 918 est.
455 861 502 917 61.
545 861 583 919 In
612 857 663 918 illo
686 869 786 918 autern
810 858 903 918 altero
928 876 1036 934 genere
1065 856 1148 934 largi-

114 963 156 1024 o>
171 963 313 1009 orntum-
351 951 430 1027 endi,
448 953 530 1030 quod
552 973 570 1013 a
589 953 763 1014 liberalitate
783 952 984 1030 proficiscitur,
1002 971 1065 1013 non
1085 971 1147 1014 uno

101 1013 158 1075 lrty.
191 1016 259 1058 Rules
280 1018 313 1059 lor

100 1064 314 1159 ffigrwefigrtafflg
350 1051 444 1112 modo
462 1051 493 1111 in
523 1050 687 1128 disparibus
715 1050 811 1111 causis
839 1049 949 1111 adfecti
975 1069 1041 1111 esse
1060 1051 1148 1111 debe·

101 1164 264 1209 ammonae,
280 1168 316 1228 'or
350 1166 426 1208 mus.
466 1147 536 1208 Alia
553 1168 643 1209 causa
664 1160 709 1209 est
732 1148 805 1220 eius,
825 1147 878 1224 qui
895 1147 1062 1209 calamitate
1084 1166 1146 1225 pre·

101 1214 315 1320 iiiffliiissf'iss
351 1243 448 1320 mitur,
469 1245 592 1320 eteius,
614 1245 732 1324 quires
756 1245 892 1306 meliores
916 1245 1030 1322 quaerit
1057 1245 1145 1306 nullis
1163 1262 1191 1296 ¹0

102 1314 189 1363 dm
351 1342 412 1404 suis
431 1345 519 1404 rebus
539 1344 677 1405 adversis.
727 1345 774 1404 62.
817 1343 996 1421 Propensior
1015 1342 1146 1420 benigni-

100 1441 147 1495 tas
162 1452 228 1497 esse
243 1435 365 1499 debebit
381 1439 412 1499 in
431 1439 627 1515 calamitosos,
650 1439 707 1500 nisi
725 1441 800 1501 sorte
819 1451 904 1501 erunt
923 1438 1005 1516 digni
1023 1439 1142 1500 calami·

99 1539 170 1591 tate.
212 1534 251 1593 In
267 1533 302 1595 iis
315 1546 423 1610 tamen,
439 1537 537 1615 quise
553 1536 686 1598 adiuvari
703 1539 813 1609 volent,
828 1556 890 1597 non
904 1555 942 1597 ne
956 1535 1139 1614 adfligentur,

101 1627 157 1686 sed
169 1639 202 1689 ut
215 1628 349 1693 altiorem
366 1635 490 1710 gradum
508 1634 679 1707 ascendant,
696 1633 820 1695 restricti
839 1632 962 1694 omnino
978 1653 1044 1695 esse
1062 1635 1144 1694 nullo

103 1724 196 1785 modo
210 1726 361 1805 debemus,
380 1731 433 1791 sed
451 1729 483 1790 in
499 1730 663 1808 deligendis
680 1729 796 1791 idoneis
813 1729 956 1791 iudicium
975 1740 1006 1792 et
1024 1729 1145 1808 diligen·
1161 1751 1188 1799 15

103 1819 176 1882 tiam
189 1824 337 1888 adhibere.
379 1829 459 1888 Nam
471 1831 619 1908 praeclare
633 1828 766 1892 Ennius:

319 1958 387 2008 Bene
393 1958 467 2026 fdcto
483 1960 546 2010 male
561 1958 637 2010 Iocdta
653 1959 716 2008 orale
723 1958 796 2023 stacta
811 1957 925 2011 Arbitror.

105 2066 152 2145 63.
195 2070 286 2147 Quod
303 2084 403 2136 autem
419 2075 558 2137 tributum
576 2087 620 2137 est
637 2076 719 2136 bono
739 2073 802 2136 viro
820 2086 850 2136 et
863 2084 955 2153 grato,
977 2073 1009 2134 in
1023 2093 1060 2134 eo
1074 2092 1144 2133 cum

103 2182 141 2225 ex
160 2164 225 2245 ipso
244 2170 353 2232 fructus
374 2184 419 2234 est
443 2183 506 2234 tum
534 2172 623 2234 etiam
644 2192 681 2233 ex
700 2171 813 2233 ceteris.
855 2170 1035 2232 Temeritate
1063 2169 1144 2231 enim

101 2275 216 2325 remota
234 2265 398 2343 gratissima
418 2279 463 2330 est
482 2269 647 2344 liberalitas,
669 2288 766 2347 eoque
786 2288 853 2328 eam
873 2266 1033 2329 studiosius
1060 2265 1144 2345 pleri·
1157 2295 1190 2331 20

103 2375 161 2436 que
180 2362 309 2437 laudant,
332 2365 414 2441 quod
434 2365 542 2426 summi
565 2365 707 2444 cuiusque
728 2364 845 2426 bonitas
867 2384 1028 2426 commune
1049 2364 1145 2441 perfu·

127 2497 193 2543 Μ
217 2507 263 2543 m,
291 2500 317 2542 os
349 2459 432 2538 gium
452 2472 497 2523 est
517 2461 659 2523 omnium.
702 2462 811 2522 Danda
830 2461 918 2540 igitur
937 2481 1027 2540 opera
1047 2470 1092 2522 est
1112 2469 1145 2520 ut

103 2547 315 2660 ssgfflfffissfflss
350 2555 386 2617 iis
409 2559 560 2621 beneficiis
585 2579 674 2637 quarn
698 2558 840 2637 plurimos
864 2559 1046 2632 adiiciamus,
1073 2577 1145 2637 quo·

103 2661 202 2695 ‘¹⁶⁸³‘-
351 2677 418 2718 rum
437 2657 580 2718 memoria
599 2656 698 2718 liberis
724 2657 909 2736 posterisque
935 2658 1084 2736 prodatur,
1112 2667 1146 2717 ut

103 2749 139 2812 iis
157 2751 276 2833 ingratis
292 2773 434 2816 essenon
456 2755 550 2816 liceat.
596 2757 709 2818 Omnes
732 2755 812 2815 enim
831 2753 1036 2815 immemorem
1055 2754 1145 2814 bene·
1158 2775 1187 2824 25

103 2846 162 2908 ficii
182 2851 308 2912 oderunt
328 2871 453 2929 eamque
473 2850 609 2911 iniuriam
637 2852 668 2911 in
692 2852 868 2911 deterrenda
894 2850 1068 2911 liberalitate
1089 2849 1146 2911 sibi

102 2943 192 3005 etiam
212 2946 274 3008 fieri
294 2967 432 3025 eumque,
453 2947 504 3025 qui
521 2946 617 3022 iaciat,
635 2966 824 3007 communem
844 2947 961 3007 hostem
978 2947 1145 3007 tenuiorum

102 3052 214 3118 putant.
256 3047 358 3121 Atque
376 3044 452 3104 haec
475 3043 640 3122 benignitas
662 3042 751 3104 etiam
771 3042 814 3103 rei
834 3042 971 3120 publicae
991 3053 1036 3104 est
1057 3042 1144 3115 utilis,

101 3137 205 3199 redimi
223 3159 240 3201 e
256 3139 396 3202 servitute
415 3151 525 3218 captos,
543 3139 716 3218 locupletari
737 3139 903 3200 tenuiores:
923 3141 1007 3217 quod
1024 3139 1144 3217 quidem

100 3235 188 3314 volgo
201 3235 321 3297 solitum
334 3235 398 3297 fieri
411 3238 450 3297 ab
464 3236 566 3298 ordine
581 3247 681 3297 nostro
696 3235 727 3296 in
742 3235 875 3297 oratione
890 3236 988 3297 Crassi
1003 3235 1143 3313 scriptum
1159 3257 1190 3305 50

100 3329 220 3408 copiose
239 3331 384 3394 videmus.
427 3335 518 3394 Hanc
531 3349 599 3407 ergo
615 3332 862 3394 consuetudinem
882 3330 1071 3410 benignitatis
1092 3333 1146 3391 lar·

97 3427 202 3506 gitioni
216 3450 373 3492 munerum
388 3433 476 3507 longe
489 3441 649 3508 antepono.
681 3433 769 3499 Haec
784 3441 828 3491 est
842 3431 973 3509 gravium
987 3429 1144 3490 hominum

98 3537 188 3606 atque
206 3548 388 3608 magnorum,
403 3527 454 3589 illa
473 3527 558 3608 quasi
578 3529 800 3591 adsentatorum
820 3529 925 3607 populi
948 3526 1146 3588 multitudinis

149 3749 164 3793 4
180 3736 233 3781 turn
249 3729 330 3796 ipsum
346 3731 387 3780 Ba
404 3731 428 3780 Z
441 3731 472 3780 St
487 3727 567 3776 Hcim
577 3728 627 3780 Mu
638 3730 745 3795 Madvig
759 3729 805 3791 (ad
815 3731 860 3795 fin.
876 3741 898 3779 11
910 3731 923 3791 ᾗ
936 3727 966 3793 65
979 3745 1004 3795 p.
1017 3727 1073 3793 254)
1087 3745 1143 3778 cum

92 3805 428 3871 pouaks'edffimmttcodd,
439 3810 569 3874 vulgatum
581 3816 666 3863 tamen
677 3812 734 3880 ipsa
745 3811 836 3865 moluit
849 3812 887 3865 Or
920 3815 937 3876 ll
971 3826 1003 3880 gr
1014 3809 1090 3862 banc
1098 3825 1163 3876 ergo

85 3883 152 3930 codd
157 3885 251 3943 abMu,
261 3887 328 3937 nanc
338 3904 386 3953 ego
395 3890 556 3956 Lactantio,
570 3895 615 3946 Ba
630 3898 670 3951 Or
678 3898 704 3952 Ζ
715 3898 801 3953 Heim

1030 3999 1120 4061 b-a
