2580 4184
144 191 185 246 44
435 171 485 231 De
501 189 533 229 ca
546 176 634 249 parte
651 171 759 231 Decori
774 189 848 248 quae
864 170 909 230 ad
969 166 1000 252 [1
1014 188 1122 232 xxxur
1139 191 1197 251 119

144 347 269 412 optant:
289 353 351 396 non
372 333 445 394 nulli
465 347 565 395 tamen
586 334 647 395 sive
667 334 806 396 felicitate
826 336 956 412 quadam
978 333 1039 396 sive
1061 334 1195 396 bonitate
1266 389 1269 394 .

142 443 265 493 naturae
294 431 355 494 sine
384 433 550 510 parentium
577 432 733 511 disciplina
758 443 869 493 rectam
896 431 974 494 vitae
1001 431 1095 494 secuti
1128 443 1198 494 sunt

144 531 231 615 vinu

18 639 132 689 (XXIII
209 647 275 704 119.
318 627 398 687 Illud
414 638 513 688 autem
527 627 656 689 maxime
675 647 771 688 rarum
785 647 878 705 genus
897 638 942 689 est
955 646 1066 696 eorum,
1080 626 1132 705 qui
1145 637 1198 688 aut

146 715 312 785 excellenti
323 723 433 801 ingenii
454 724 669 802 magnitudine
680 736 731 784 aut
751 727 899 802 praeclara
919 722 1085 786 eruditione
1105 736 1196 801 atque
1226 751 1240 798 5

143 815 288 876 doctrina
297 824 349 875 aut
369 825 493 891 utraque
513 837 545 876 re
566 815 661 876 ornati
682 815 809 893 spatium
832 815 921 876 etiam
944 816 1127 878 deliberandi
1146 819 1196 877 ha·

142 913 276 984 buemnt,
292 916 381 989 quem
397 912 583 988 potissimum
601 913 678 974 vitae
697 932 815 972 cursum
834 912 919 990 sequi
935 915 1058 985 vellent;
1082 913 1114 975 in
1133 935 1195 992 qua

141 1007 354 1068 deliberatione
375 1009 415 1068 ad
435 1028 519 1078 suam
540 1009 684 1086 cuiusque
705 1022 839 1069 naturam
859 1009 1015 1070 eonsilium
1035 1020 1081 1071 est
1101 1032 1193 1075 omne

152 1149 354 1202 Twothlngsought
392 1105 613 1164 revocandum⁸⁴
644 1106 724 1163 Nam
751 1105 820 1162 cum
847 1101 879 1162 in
904 1103 1051 1176 omnibus,
1064 1125 1141 1182 quae
1164 1126 1193 1167 a·

140 1201 356 1260 tobeearefullywr·
393 1210 508 1274 guntur,
524 1218 560 1259 ex
579 1218 624 1273 eo,
641 1218 702 1276 quo
720 1200 811 1259 modo
831 1199 956 1276 quisque
977 1212 1064 1262 natus
1084 1214 1138 1276 est,
1160 1215 1193 1263 ut
1210 1241 1241 1275 10

140 1251 224 1292 sidered
243 1252 272 1302 by
289 1264 315 1292 us
333 1264 354 1291 m

140 1302 355 1401 gpqqseiqrfiqsqoffi
395 1316 482 1373 supra
503 1297 616 1357 dictum
637 1308 690 1370 est,
705 1296 778 1374 quid
799 1297 904 1357 deceat
923 1297 1112 1374 exquirimus,
1128 1311 1193 1360 tum

140 1402 357 1503 &prgalgffiitisqq
396 1391 427 1452 in
447 1403 514 1452 tota
529 1392 601 1452 vita
610 1392 818 1453 constituenda
838 1394 932 1452 multo
952 1404 998 1453 est
1017 1393 1046 1454 ei
1062 1394 1103 1455 rei
1124 1415 1195 1473 cura

140 1501 171 1592 iFrj
191 1503 299 1592 secondlpi,
318 1516 356 1543 our
395 1491 488 1551 maior
521 1491 700 1564 adhibenda,
728 1501 761 1551 ut
794 1501 929 1551 constare
963 1490 994 1551 in
1020 1490 1098 1553 Vitae
1131 1513 1195 1572 pel*-

139 1560 359 1663 wiiiuniniiasiiiil
395 1591 537 1667 petuitate
558 1589 705 1667 possimus
729 1587 877 1650 nobismet
901 1588 971 1666 ipsis
998 1589 1109 1650 necin
1131 1593 1193 1652 ullo

140 1653 332 1695 ⁰⁰⁵¹¹¹²h⁰w⁰¹kL
396 1689 494 1749 officio
521 1687 695 1747 claudicare.
741 1705 806 1746 120.
841 1686 893 1745 Ad
919 1688 997 1746 hanc
1023 1697 1124 1747 autem
1151 1707 1237 1771 ra-15

139 1785 252 1847 tionem
275 1785 417 1863 quoniam
440 1785 598 1845 maximam
622 1782 683 1844 vim
711 1794 814 1842 natura
835 1783 934 1855 habet,
956 1785 1074 1844 fortuna
1099 1784 1194 1862 proxi-

138 1901 227 1954 mam,
243 1881 393 1958 utriusque
408 1881 530 1942 omnino
545 1881 685 1941 habenda
702 1877 777 1940 ratio
796 1889 840 1938 est
859 1877 890 1938 in
909 1879 1068 1956 deligendo
1083 1900 1192 1958 genere

77 2010 81 2016 ·
138 1978 224 2050 vitae,
240 1980 294 2039 sed
308 1990 430 2040 naturae
442 1978 535 2056 magis
543 1999 553 2053 ;
573 1979 668 2039 multo
681 1976 762 2038 enim
781 1988 811 2037 et
825 1974 936 2037 firmior
948 1989 994 2037 est
1006 1989 1037 2038 et
1055 1990 1192 2039 constan·

139 2073 203 2147 tior,
227 2086 261 2135 ut
288 2077 406 2136 fortuna
429 2095 491 2136 non
518 2048 681 2158 nffim
708 2087 861 2151 tamquam
885 2073 950 2152 ipsa
970 2075 1100 2137 mortalis
1120 2097 1191 2138 cum

138 2171 297 2231 immortali
311 2183 415 2231 natura
428 2191 558 2249 pugnare
572 2170 713 2231 videatur.
756 2171 818 2247 Qui
832 2171 919 2250 igitur
932 2173 973 2233 ad
986 2185 1106 2234 naturae
1120 2189 1191 2236 suae
1204 2208 1236 2242 20

138 2287 199 2327 non
213 2267 335 2328 vitiosae
349 2286 442 2345 genus
453 2267 609 2327 consilium
617 2267 736 2329 vivendi
750 2288 840 2328 omne
848 2269 1011 2341 contulerit,
1023 2269 1047 2330 is
1056 2283 1192 2332 constan·

163 2401 225 2452 Du,y
241 2401 267 2442 ο(
280 2415 350 2452 pm,
388 2362 459 2423 tiam
486 2375 593 2438 teneat,
615 2364 648 2425 id
668 2364 748 2425 enim
773 2366 901 2426 maxime
922 2368 1016 2440 decet,
1038 2367 1095 2428 nisi
1115 2370 1190 2431 forte

137 2451 354 2502 ⁹⁶¹³¹¹⁸i¹¹⁰¹¹f⁰l⁰³⁰⁰
393 2478 425 2519 se
441 2459 616 2534 intellexerit
629 2480 739 2522 errasse
759 2461 791 2521 in
805 2463 964 2540 deligendo
982 2484 1089 2542 genere
1102 2466 1187 2529 vitae.

136 2503 191 2543 aster
200 2515 232 2542 we
241 2502 295 2542 have
302 2515 354 2542 once

136 2551 352 2653 ffirjggossittohg'ffe‘
391 2558 483 2633 Quod
496 2559 521 2620 si
534 2558 812 2636 acciderit—potest
825 2574 925 2622 autem
946 2563 1190 2640 accidere-,faci-

136 2652 352 2752 {ggffgffihoffigwbg
389 2660 468 2717 enda
481 2676 597 2718 morum
608 2657 868 2736 institutorumque
878 2660 1003 2722 mutatio
1017 2674 1069 2724 est.
1113 2667 1188 2725 Eam
1203 2690 1231 2740 ²5

136 2754 204 2794 ΜΕ·
387 2755 582 2817 mutationem
602 2755 627 2815 si
637 2767 770 2833 tempora
783 2757 973 2831 adiuvabunt,
983 2759 1096 2821 facilius
1109 2780 1190 2822 com-

135 2856 314 2935 quiusque
334 2855 495 2916 faciemus:
516 2853 562 2913 sin
583 2852 689 2925 minus,
711 2854 821 2914 sensim
841 2855 896 2916 erit
916 2852 1189 2936 pedetemptimque

135 2945 279 3026 facienda,
294 2964 328 3013 ut
341 2932 493 3024 amicitias,
506 2969 582 3027 quae
596 2942 694 3010 minus
708 2952 857 3012 delectent
867 2963 897 3012 et
911 2952 1009 3013 minus
1019 2955 1188 3033 probentur,

134 3048 228 3126 magis
249 3051 355 3110 decere
379 3057 502 3110 censent
523 3047 670 3125 sapientes
688 3048 797 3108 sensim
820 3049 938 3111 diluere
956 3070 1046 3127 quam
1067 3065 1189 3129 repente

134 3146 311 3224 praecidere.
365 3166 430 3208 121.
471 3148 663 3207 Commutato
687 3158 788 3207 autem
811 3167 918 3224 genere
941 3148 1019 3210 vitae
1041 3150 1123 3211 omni
1147 3171 1233 3226 ra-30

134 3243 216 3304 tione
243 3245 407 3304 curandum
434 3255 487 3317 est,
512 3254 545 3304 ut
572 3242 604 3303 id
631 3244 713 3304 bono
740 3243 865 3304 consilio
893 3244 997 3306 secisse
1024 3245 1186 3309 videamur.

134 3340 194 3399 Sed
214 3338 356 3416 quoniam
376 3341 466 3416 paulo
486 3351 555 3400 ante
578 3339 691 3399 dictum
716 3351 761 3400 est
782 3339 943 3402 imitandos
964 3361 1028 3403 esse
1052 3343 1187 3418 maiores,

159 3450 346 3492 Limiaanacon-
383 3435 513 3513 primum
540 3435 613 3496 illud
637 3449 793 3514 exceptum
815 3436 862 3510 sit,
885 3457 924 3498 ne
947 3438 1018 3499 vitia
1039 3439 1098 3500 sint
1125 3439 1187 3501 imi·

133 3498 240 3541 ditionsof
248 3502 283 3541 the
290 3501 346 3543 Rule
547 3531 553 3543 .
659 3532 665 3545 .

133 3551 347 3601 managamma-
385 3533 487 3605 tanda,
506 3533 624 3606 deinde,
643 3553 667 3593 s1
684 3545 788 3593 natura
806 3553 869 3595 non
887 3536 968 3609 seret,
985 3547 1018 3597 ut
1039 3538 1187 3613 quaedam

185 3707 212 3741 ra
225 3701 262 3743 est
273 3693 296 3744 ei
307 3694 342 3744 rei
353 3709 412 3744 cura
419 3695 460 3744 Ba
469 3679 551 3744 Haine
556 3695 597 3743 Lu
602 3701 658 3759 port
668 3695 809 3756 Gruterum,
823 3703 861 3746 est
872 3696 895 3769 ei
906 3712 965 3746 cura
975 3703 1021 3746 aut
1032 3705 1068 3747 est
1079 3700 1117 3748 rel
1127 3714 1187 3750 cura

111 3771 317 3835 plmf'ruscadd,
330 3777 382 3826 duo
392 3783 430 3827 est
440 3776 494 3826 eius
504 3776 541 3827 rei
553 3791 611 3827 cura
647 3780 657 3835 ΙΙ
696 3785 859 3842 rqtamquam
870 3785 954 3827 contra
964 3777 1030 3828 codd.
1041 3794 1088 3829 om.
1101 3781 1140 3830 Or
1172 3785 1184 3841 l

104 3859 140 3906 πρ
154 3849 255 3902 diluere
263 3859 416 3924 amnessm
428 3859 509 3922 codd„
523 3861 637 3915 dissuere
648 3877 709 3948 cum
718 3878 770 3913 uno
781 3861 831 3914 cod.
847 3860 894 3925 Or,
903 3860 971 3928 cons.
982 3859 1051 3911 Led.
1060 3873 1103 3917 nr,
1112 3858 1147 3923 qb
