2580 4184
83 171 120 225 14
314 151 364 210 De
380 149 496 209 secutrdo
515 147 686 225 officiifhnte
703 147 763 206 sive
781 146 900 205 Iurabit
1011 141 1040 226 [Ι
1056 162 1132 221 >133

79 260 1131 281 ae-—ssffl

79 311 244 414 ss‘ssffifflm
256 311 293 352 ‘1¹⁶
331 312 465 372 Theseus
485 309 652 388 Hippolyto
668 308 729 370 filio
748 328 809 369 non
823 318 901 368 esset
915 309 1043 368 orbatus.
1087 309 1134 370 Ex

187 391 193 409 ’
330 408 427 470 tribus.
445 405 526 468 enim
554 404 670 482 optatis,
691 414 725 465 ut
752 402 896 478 scribitur,
918 403 976 463 hoc
997 412 1058 463 erat
1079 412 1134 463 ttr-

80 505 163 580 tium,
178 506 262 584 quod
276 506 314 565 de
330 499 488 578 Hippolyti
504 498 623 569 interitu
638 498 727 558 iratus
742 496 854 574 optavit
869 517 875 554 :
896 515 956 574 quo
975 495 1132 574 impetrato

80 600 112 661 in
125 600 270 660 maximos
284 601 379 658 luctus
396 595 508 656 incidit.
552 597 618 655 Nec
636 593 781 671 promissa
799 592 885 671 igitur
904 594 1048 652 servanda
1063 603 1132 653 sunt

80 717 116 758 ea
136 716 213 774 quae
233 696 291 756 sint
312 695 347 754 iis
367 693 475 770 quibus
501 690 669 769 promiseris
696 691 819 764 inutilia,
849 709 912 763 nec,
937 689 962 749 si
988 691 1055 766 plus
1076 688 1131 749 tibi
1159 714 1173 763 5

28 787 29 791 ’
79 812 117 853 ea
129 804 258 854 noceant
271 810 361 869 quam
375 789 417 849 illi
430 788 543 866 prosint
557 787 605 848 cui
622 787 798 865 promiseris,
813 797 916 846 contra
934 785 1065 846 officium
1086 797 1131 846 est

79 889 175 949 maius
188 887 329 965 anteponi
344 885 458 960 minori,
473 897 514 958 ut,
530 884 555 944 si
568 883 753 945 constitueris
768 883 895 960 cuipiam
910 894 939 943 te
953 884 1131 943 advocatum

78 984 110 1044 in
124 1005 187 1046 rem
200 995 385 1063 praesentem
399 1002 463 1044 esse
478 992 633 1041 venturum
647 992 734 1056 atque
756 978 872 1039 interim
890 979 1014 1056 graviter
1032 999 1131 1056 aegro

79 1092 143 1153 tare
162 1081 239 1141 filius
263 1079 401 1157 coeperit,
425 1098 486 1139 non
510 1077 547 1137 sit
571 1088 674 1137 contra
695 1075 824 1137 officium
845 1095 906 1136 non
930 1077 1026 1135 facere
1046 1077 1130 1152 quod

78 1176 196 1252 dixeris,
217 1176 368 1254 magisque
389 1175 447 1248 ille,
469 1173 517 1233 cui
541 1172 719 1250 promissum
740 1171 785 1246 sit,
807 1172 845 1233 ab
866 1171 964 1232 officio
985 1171 1128 1245 discedat,
1143 1198 1173 1232 ιο

273 1262 276 1272 ’
326 1271 351 1332 si
372 1291 404 1332 se
425 1270 598 1332 destitutum
619 1281 763 1346 queratur.
807 1271 874 1329 Iam
893 1268 951 1330 illis
977 1269 1128 1346 promissis

77 1355 295 1448 2{„³,{m¹}¹,{‘,¹,{,¹2¹'⁶⁶,¹}
328 1371 468 1430 standum
487 1387 548 1428 non
565 1387 629 1428 esse
646 1367 712 1443 quis
729 1386 790 1427 non
807 1367 896 1440 videt,
913 1386 988 1444 quae
1007 1378 1128 1426 coactus

76 1457 290 1550 ξζξξῐῑῑὼῑίωοῐάθ·
328 1465 394 1543 quis
409 1476 500 1538 metu,
515 1483 591 1541 quae
606 1466 747 1541 deceptus
762 1465 832 1524 dolo
846 1463 1029 1540 promiserit?
1050 1484 1128 1541 quae

323 1564 446 1642 quidem
466 1564 607 1640 pleraque
627 1563 689 1625 iure
710 1562 856 1639 praetorio
876 1563 1043 1638 liberantur,
1065 1582 1127 1623 non

76 1665 157 1724 nulla
170 1662 291 1741 legibus.
1140 1681 1169 1730 ¹5

100 1805 290 1866 ,niusdceisosm
389 1776 435 1833 33.
470 1756 622 1866 Exsistunt
636 1755 725 1864 etiam
739 1774 827 1832 saepe
842 1754 964 1865 iniuriae
978 1756 1127 1866 calumnia

75 1858 293 1908 d⁰¹¹⁹bt²t0⁰⁵t¹¹ct
332 1859 460 1935 quadam
480 1866 509 1915 et
530 1874 617 1914 nimis
637 1854 752 1926 callida,
768 1855 822 1914 sed
836 1856 982 1914 malitiosa
999 1873 1070 1914 ruris
1085 1854 1127 1915 in-

73 1907 297 2007 liieeiellethfflalii
331 1950 547 2028 terpretatione.
592 1952 637 2008 Ex
650 1968 711 2026 quo
720 1949 794 2009 illud
810 1953 975 2009 ‘summum
989 1949 1126 2045 iusjsum·

73 2022 129 2100 iiiii
141 2017 291 2100 bliwlreilsoail
328 2067 378 2108 ma
391 2046 503 2107 iniuria'
517 2049 628 2106 sactum
645 2057 690 2105 est
708 2045 767 2104 iam
788 2045 889 2105 tritum
906 2066 1041 2107 sermone
1060 2068 1126 2124 pro·

73 2119 128 2151 Μ
141 2108 288 2150 “manahe“
327 2143 469 2204 verbium.
512 2144 581 2217 Quo
604 2142 634 2202 in
658 2146 765 2220 genere
789 2143 879 2203 etiam
902 2143 933 2202 in
954 2164 985 2204 re
1005 2146 1167 2222 publica20

73 2242 167 2302 multa
186 2252 355 2318 peccantur,
371 2252 404 2300 ut
424 2240 481 2314 ille,
498 2239 558 2317 qui,
573 2259 642 2299 cum
663 2239 780 2316 triginta
801 2240 915 2300 dierum
935 2253 1034 2301 essent
1054 2261 1124 2302 cum

72 2330 158 2400 hoste
178 2337 310 2398 indutiae
330 2340 435 2410 factae,
456 2348 547 2396 noctu
568 2337 763 2413 populabatur
783 2356 876 2413 agros,
899 2339 982 2413 quod
1009 2338 1124 2400 dierum

72 2443 171 2494 essent
188 2444 301 2510 pactae,
317 2453 378 2493 non
398 2432 531 2492 noctium
550 2432 689 2492 indutiae.
733 2434 781 2492 Ne
796 2445 896 2492 noster
916 2432 1038 2510 quidem
1057 2455 1125 2513 pro-

72 2530 199 2604 bandus,
220 2529 245 2588 si
264 2548 368 2588 verum
388 2540 432 2589 est
455 2529 491 2602 Q.
515 2528 640 2588 Fabium
659 2528 831 2588 Labeonem
850 2549 902 2589 seu
922 2547 1012 2607 quem
1030 2531 1122 2593 alium

71 2624 186 2684 —nihil
213 2624 294 2686 enim
322 2626 419 2684 habeo
446 2635 562 2701 praeter
588 2624 904 2685 auditum—arbitrum
938 2629 1063 2690 Nolanis
1091 2643 1121 2692 et
1136 2665 1163 2714 25

72 2719 277 2797 Neapolitanis
292 2722 329 2781 de
344 2721 451 2781 finibus
465 2727 483 2780 a
497 2731 600 2780 senatu
615 2721 726 2794 datum,
738 2723 856 2782 eumad
870 2723 970 2783 locum
984 2725 1119 2801 venisset,

71 2837 141 2878 cum
161 2816 293 2895 utrisque
313 2817 469 2894 separatim
489 2819 631 2891 locutum,
653 2837 691 2878 ne
711 2818 819 2895 cupide
840 2818 914 2895 quid
933 2834 1060 2900 agerent,
1083 2844 1122 2885 ne

72 2922 253 2991 appetenter,
268 2924 357 2990 atque
371 2924 403 2973 ut
417 2913 530 2991 regredi
550 2933 640 2990 quam
661 2914 797 2992 progredi
818 2918 949 2977 mallent.
991 2921 1030 2979 Id
1050 2940 1120 2980 cum

71 3008 187 3086 utrique
200 3008 346 3083 fecissent,
361 3009 545 3086 aliquantum
559 3008 620 3087 agri
633 3009 664 3068 in
678 3010 779 3071 medio
789 3010 924 3072 relictum
937 3023 990 3074 est.
1013 3017 1120 3093 Itaque

69 3105 187 3189 illorum
201 3105 267 3193 finis
281 3105 331 3179 sic,
346 3116 379 3165 ut
392 3105 449 3182 ipsi
463 3105 605 3180 dixerant,
620 3105 785 3168 terminavit
799 3128 806 3166 :
826 3106 858 3166 in
871 3109 972 3170 medio
985 3111 1119 3173 relictum
1132 3149 1164 3196 30

71 3203 154 3279 quod
167 3211 229 3262 erat
242 3204 354 3278 populo
369 3203 509 3263 Romano
529 3201 716 3263 adiudicavit.
760 3204 906 3281 Decipere
925 3207 983 3266 hoc
997 3207 1119 3284 quidem

69 3309 123 3374 est,
133 3297 341 3360 nouiudicare.
365 3298 513 3375 Quocirca
523 3298 553 3358 in
564 3298 647 3359 omni
660 3310 744 3360 estre
758 3300 898 3378 fugienda
905 3302 970 3362 talis
982 3304 1117 3376 sollertia.

13 3415 55 3467 xl
128 3396 204 3456 Sunt
219 3405 320 3455 autern
338 3397 487 3473 quaedam
503 3394 600 3476 officia
621 3395 710 3457 etiam
729 3397 868 3457 adversus
891 3417 944 3459 eos
965 3403 1117 3476 servando,

68 3489 209 3570 aquibus
226 3490 363 3553 iniuriam
381 3490 536 3569 acceperis
580 3493 635 3552 Est
651 3490 732 3552 enim
750 3491 912 3555 ulciscendi
928 3505 959 3556 et
973 3496 1119 3573 puniendi

118 3715 147 3768 17
164 3703 237 3753 verba
251 3703 295 3752 sed
310 3702 434 3753 malitiosa
450 3702 559 3752 insiticia
567 3710 664 3768 putant
676 3704 718 3753 Ba
729 3705 768 3753 He
777 3705 828 3754 Sa:
844 3711 869 3754 et
883 3705 1006 3755 malitiosa
1016 3707 1058 3756 Lu
1068 3707 1116 3756 alii

59 3788 122 3905 27
133 3793 161 3834 ut
172 3801 204 3835 ue
218 3786 256 3835 Or
265 3785 288 3834 Z
293 3803 300 3835 r
317 3801 349 3835 ne
360 3786 400 3834 Ba
412 3784 465 3834 Hei
474 3784 516 3833 Lu
538 3788 549 3844 ΙΙ
573 3800 602 3850 3²
620 3785 646 3834 in
657 3785 725 3836 omni
739 3801 765 3835 re
776 3785 892 3850 fugienda
903 3795 939 3836 est
951 3788 988 3837 Or
997 3787 1020 3836 Z
1028 3795 1113 3838 contra

46 3875 66 3903 t
107 3891 116 3905 ι
