2580 4184
124 201 312 289 11xx1179]
513 225 586 283 quae
603 214 688 284 opera
697 207 762 285 fiat
1133 203 1173 279 89

122 365 192 427 det?
225 365 287 426 Sed
304 364 336 426 in
353 363 407 424 illo
424 361 483 424 alia
500 361 619 424 maiora
663 364 742 424 Laus
755 359 952 422 abstinentiae
967 380 1030 421 non
1044 360 1173 423 hominis

122 473 167 524 est
186 464 294 537 solum,
313 461 368 522 sed
388 459 478 522 etiarn
498 471 666 538 temporum
686 458 812 521 illorum.
855 458 948 521 Omni
971 459 1174 520 Macedonum

121 579 201 640 gaza,
224 579 304 638 quae
324 557 380 621 suit
404 559 544 633 maxima,
562 556 675 636 potitus
703 558 813 618 Paulus
840 567 958 617 tautum
978 556 1011 618 in
1030 556 1174 619 aerarium

122 656 268 735 pecuniae
289 657 409 731 invexit,
433 668 467 718 ut
488 658 575 719 unius
596 657 781 735 imperatoris
801 658 913 735 praeda
931 659 1023 718 finem
1045 657 1174 721 attulerit

120 754 312 815 tributorum:
326 765 356 816 at
369 754 420 814 hic
433 754 507 815 nihil
520 757 645 816 domum
660 774 744 815 suam
758 754 856 815 intulit
870 766 986 832 praeter
999 754 1173 817 memoriam
1201 784 1216 834 5

122 851 252 913 nominis
266 851 483 930 sempiternam.
526 852 663 914 Imitatus
681 864 796 931 patrem
814 853 971 913 Africanus
985 852 1079 914 nihilo
1094 855 1172 914 locu·

122 948 229 1026 pletior
258 949 443 1027 Karthagine
470 969 579 1012 eversa
623 950 727 1027 Quid?
760 949 812 1027 qui
837 950 900 1011 eius
924 952 1039 1028 collega
1062 951 1117 1012 fuit
1140 952 1171 1011 in

123 1065 255 1119 censura,
272 1049 305 1106 1.
323 1046 496 1121 Mummius,
511 1067 584 1108 num
598 1047 671 1124 quid
681 1046 837 1125 copiosior,
852 1067 922 1109 cum
936 1047 1171 1126 copiosissimam

122 1144 226 1204 urbem
240 1143 374 1203 funditus
388 1143 573 1205 sustulisset?
594 1143 712 1205 Italiam
726 1163 830 1205 ornare
844 1164 933 1221 quam
947 1146 1071 1205 domurn
1086 1166 1170 1206 suam

122 1242 233 1301 maluit.
268 1242 458 1319 Quamquam
483 1242 571 1302 Italia
597 1253 702 1303 ornata
729 1243 837 1304 domus
864 1242 928 1319 ipsa
954 1241 1028 1301 mihi
1054 1243 1171 1304 videtur
1186 1266 1215 1301 ιο

123 1335 259 1397 ornatior.
305 1353 350 1412 77.
393 1339 517 1397 Nullum
538 1336 624 1416 igitur
643 1337 748 1397 vitium
768 1336 890 1398 taetrius
911 1348 964 1410 est,
979 1347 1012 1398 ut
1031 1357 1069 1398 eo
1088 1341 1169 1401 unde

122 1449 238 1507 egressa
252 1442 297 1493 est
310 1434 414 1494 reserat
433 1454 465 1495 se
484 1435 587 1509 oratio,
603 1453 694 1512 quarn
713 1433 841 1506 avaritia,
861 1433 1032 1511 praesertim
1046 1434 1077 1494 in
1093 1434 1170 1512 prin·

122 1529 236 1606 cipibus
258 1540 288 1591 et
308 1548 370 1589 rem
389 1529 538 1607 publicam
552 1530 796 1608 gubernantibus.
837 1532 960 1592 Habere
974 1530 1053 1592 enim
1068 1550 1171 1608 quaes·

122 1627 165 1688 tui
185 1647 249 1688 rem
271 1627 421 1704 publicam
443 1648 505 1689 non
527 1631 620 1690 modo
642 1641 727 1707 turpe
748 1641 802 1704 est,
818 1631 872 1691 sed
890 1631 1065 1691 sceleratum
1078 1631 1168 1692 etiam

122 1735 153 1784 ct
175 1723 329 1784 nefarium.
372 1726 490 1802 Itaque,
504 1727 588 1802 quod
613 1728 724 1803 Apollo
745 1726 868 1803 Pythius
888 1727 1040 1787 oraculum
1064 1727 1166 1799 edidit,
1185 1754 1211 1804 ¹5

122 1824 257 1899 Spartam
278 1823 359 1882 nulla
378 1841 410 1884 re
430 1823 488 1882 alia
508 1823 565 1883 nisi
585 1823 706 1884 avaritia
726 1843 790 1884 esse
811 1823 977 1900 perituram,
1000 1823 1032 1884 id
1052 1823 1169 1885 videtur

121 1940 183 1981 non
196 1921 295 1980 solum
309 1921 563 1995 Lacedaemoniis,
578 1920 735 1982 sedetiam
752 1921 890 1983 omnibus
909 1920 1057 1998 opulentis
1074 1940 1168 1998 popu·

372 2018 408 2078 lis
421 2018 610 2096 praedixisse.
653 2020 745 2078 Nulla
764 2029 863 2079 autem
884 2037 915 2079 re
929 2017 1086 2079 conciliare
1100 2018 1168 2078 saci-

119 2096 266 2189 „fssssfidffid
279 2096 333 2188 {2⁰12
370 2116 426 2177 lius
440 2116 678 2178 benevolentiam
699 2115 896 2177 multitudinis
916 2127 1041 2192 possunt
1061 2115 1091 2187 ii,
1111 2115 1163 2192 qui

118 2197 331 2295 ᾖῖξὼξζηῖἓὲζξῗῶξ
368 2215 410 2277 rei
423 2214 560 2293 publicae
573 2224 721 2292 praesunt,
734 2233 824 2290 quam
838 2211 1016 2273 abstinentia
1029 2222 1059 2271 et
1072 2211 1165 2271 conti·
1180 2240 1210 2274 ιο

118 2299 228 2389 ξῑῗῑῇἰξ
245 2296 334 2399 ffiffi
370 2311 479 2374 nentia
524 2314 571 2387 78.
613 2309 674 2386 Qui
694 2330 764 2371 vero
785 2329 817 2370 se
838 2310 994 2386 populares
1008 2309 1112 2368 volunt
1126 2308 1165 2368 ob

118 2362 334 2499 ssssssffgssfffflffi
370 2426 497 2484 eamque
519 2425 639 2466 causam
661 2416 712 2465 aut
730 2403 873 2481 agrariam
887 2423 950 2463 rem
963 2413 1118 2480 temptant,
1133 2414 1166 2463 ut

118 2499 148 2599 ξς
160 2499 332 2589 ωξξξξζῧξζῇ
368 2522 552 2581 possessores
566 2504 713 2579 pellantur
727 2500 787 2561 suis
809 2500 937 2573 sedibus
953 2509 1003 2560 aut
1024 2498 1165 2576 pecunias

118 2598 333 2690 ssgflffluffiff
369 2600 496 2661 creditas
517 2598 699 2659 debitoribus
720 2598 935 2659 condonandas
954 2607 1069 2675 putant,
1088 2596 1166 2657 labe·

117 2699 333 2800 geslphefflfflssg
369 2698 480 2757 iactant
499 2697 694 2758 fundamenta
721 2693 763 2754 rei
791 2693 936 2772 publicae,
974 2693 1164 2753 concordiam
1178 2725 1207 2772 ²5

117 2799 332 2941 pgrffippfffgnpgg
369 2792 507 2870 primum,
530 2811 607 2868 quae
629 2810 694 2851 esse
716 2809 778 2851 non
800 2800 907 2866 potest,
928 2810 997 2850 curn
1021 2791 1085 2852 aliis
1105 2792 1166 2852 adi·

117 2901 285 2942 andunreasona
299 2899 326 2942 12
369 2901 499 2962 muntur,
527 2888 591 2948 aliis
625 2887 834 2949 condonantur
866 2887 1019 2964 pecuniae,
1055 2888 1165 2950 deinde

371 2985 561 3063 aequitatem,
576 3003 652 3061 quae
671 2984 782 3044 tollitur
795 2983 901 3057 omnis,
917 2983 942 3044 si
954 2985 1063 3046 habere
1077 3005 1164 3046 suurn

117 3087 226 3165 cuique
240 3083 392 3146 nonlicet.
426 3086 465 3144 ld
479 3083 560 3144 enirn
574 3093 620 3144 est
632 3081 792 3160 proprium,
807 3092 841 3142 ut
854 3101 942 3159 supra
955 3081 1025 3156 dixi,
1040 3082 1164 3143 civitatis

117 3197 208 3262 atque
227 3182 317 3256 urbis,
340 3192 374 3242 ut
398 3181 435 3243 sit
459 3181 551 3242 libera
574 3192 604 3241 et
625 3199 687 3240 non
711 3178 837 3240 sollicita
859 3198 930 3240 suae
954 3179 997 3239 rei
1020 3179 1164 3256 cuiusque
1178 3202 1209 3251 30

117 3280 260 3343 custodia
305 3296 350 3356 79.
391 3281 493 3355 Atque
515 3276 547 3337 in
568 3278 626 3337 hac
647 3275 776 3354 pernicie
800 3274 842 3336 rei
864 3275 1001 3353 publicae
1023 3295 1061 3338 ne
1083 3276 1164 3336 illam

118 3379 242 3457 quidem
263 3386 496 3454 consequuntur,
519 3392 610 3452 quarn
631 3383 746 3451 putant,
767 3371 898 3450 gratiam.
942 3375 1023 3433 Nam
1045 3372 1095 3434 cui
1117 3392 1164 3436 res

171 3566 183 3601 1
207 3549 371 3601 abstinentiae
394 3548 460 3599 codd.
485 3549 565 3598 Bern.
587 3563 607 3599 c.
631 3555 655 3598 ct
674 3549 740 3608 Pal,
760 3547 897 3613 sapientiae
916 3554 970 3599 cett.
995 3551 1006 3605 ll
1032 3560 1046 3610 3
1073 3547 1165 3613 potitus

119 3631 263 3698 Heminger
278 3633 321 3682 Ba
339 3631 428 3691 Heme,
448 3630 542 3696 potitus
564 3637 602 3680 est
624 3631 721 3681 0an
742 3647 798 3680 cum
818 3632 883 3682 codd
912 3635 921 3689 ΙΙ
950 3643 964 3693 5
982 3629 1045 3680 nihil
1063 3631 1164 3680 domum

119 3727 191 3764 tuam
209 3729 235 3779 p.
249 3728 284 3764 m.
301 3727 328 3762 n.
344 3727 366 3762 s.
380 3710 470 3761 detulit
490 3725 547 3760 cum
567 3710 633 3760 codd.
649 3726 662 3760 c
671 3719 693 3776 p
712 3711 750 3760 Gr
767 3711 805 3760 Or
818 3711 843 3760 Z
856 3712 887 3760 St
901 3710 991 3760 Hcine.
1028 3710 1166 3775 Utrumque

117 3791 217 3841 verbum
228 3798 252 3842 et
261 3789 344 3840 intulit
351 3795 376 3839 et
384 3787 473 3838 detulit
477 3787 642 3852 grammta'ci
649 3787 759 3839 alicuius
769 3786 966 3854 supplementum
976 3799 1024 3836 erse
1033 3784 1121 3835 conicit
1133 3785 1176 3834 Ba

103 3875 182 3989 als
197 3867 587 3932 dig''m“‘masadamdr'om'o
595 3874 640 3926 Ba
674 3877 685 3938 l
720 3891 754 3944 ²4
770 3872 792 3928 ii
806 3871 1089 3929 labelactautOrcum
1100 3866 1195 3919 duobus

90 3958 109 3989 l
149 3974 157 3989 a
