2580 4184
107 213 198 275 11111
217 209 267 294 ιο]
432 214 591 290 Propositr'o
610 214 655 272 rei
672 180 839 273 tractandie
1119 232 1158 290 99

106 377 262 458 pissimum
283 390 329 440 est
346 379 578 439 dedecorantem
595 389 626 440 et
641 378 722 440 urbis
741 378 945 440 auctoritatem
965 391 996 441 et
1016 381 1155 459 magistri.

108 475 174 550 Qua
191 494 224 536 re
244 485 389 552 quantum
411 474 504 536 coniti
522 474 624 537 animo
642 485 737 553 potes,
753 485 899 553 quantum
917 475 1019 538 labore
1037 487 1158 537 conten·

107 571 240 634 dere—si
267 571 403 632 discendi
429 573 514 633 labor
542 583 587 632 est
620 571 720 650 potius
748 590 840 648 quam
866 572 1155 649 voluptas-tantum

106 669 152 726 sac
171 678 205 727 ut
223 667 334 729 efficias
352 686 428 728 neve
448 667 619 728 committas
633 679 674 742 ut,
695 686 765 727 cum
779 666 881 728 omnia
895 665 1083 744 suppeditata
1098 666 1156 727 sint

105 763 233 838 anobis,
248 775 312 825 tute
325 763 380 826 tibi
398 764 527 826 desuisse
541 764 668 826 videare.
711 765 771 826 Sed
789 765 864 838 haec
882 765 1041 825 hactenus:
1063 766 1157 825 multa
1184 793 1198 841 5

104 861 184 922 enim
204 881 294 939 saepe
314 862 354 922 ad
372 871 402 922 te
420 860 596 922 cohortandi
610 861 703 940 gratia
721 861 897 938 scripsimus
925 862 1014 923 Nunc
1031 863 1070 923 ad
1088 861 1153 924 reli·

104 980 194 1040 quam
208 971 323 1039 partem
333 958 503 1038 propositae
517 957 670 1018 divisionis
684 968 871 1021 revertamur.

418 1074 445 1133 7.
488 1057 675 1119 Panaetius
690 1057 785 1137 igitur,
801 1057 930 1136 quisine
949 1058 1150 1121 controversia

104 1161 209 1254 Hiiihr
215 1160 320 1254 {2321
358 1155 396 1216 de
411 1154 515 1215 officiis
526 1153 745 1215 accuratissime
756 1154 916 1232 disputavit
937 1174 1086 1233 quemque
1098 1176 1152 1217 nos

102 1224 196 1305 ration0
305 1235 316 1245 ⁸
354 1252 537 1313 correctione
558 1253 689 1329 quadam
710 1251 844 1312 adhibita
856 1251 1045 1330 potissimum
1059 1253 1152 1314 secuti
1167 1280 1196 1315 10

162 1338 220 1382 ner-al
247 1337 319 1382 obsen-

102 1391 185 1433 ffim„
217 1404 244 1431 0,
280 1391 317 1431 ,he
355 1373 466 1427 sumus,
482 1352 575 1413 tribus
588 1352 745 1430 generibus
759 1353 925 1430 propositis,
937 1352 969 1412 in
983 1353 1090 1431 quibus
1101 1355 1152 1415 de-

103 1442 318 1534 {i'g‘ssiff‘bfi‘ffl
355 1453 478 1514 liberare
487 1451 623 1513 homines
638 1463 668 1514 et
676 1455 844 1514 consultare
853 1454 891 1514 de
903 1452 1001 1514 officio
1012 1456 1149 1528 solerent,

102 1540 221 1643 ξῗξζοζῗᾶ
233 1541 317 1593 Em·
354 1571 465 1625 -uno,
480 1570 550 1611 cum
568 1550 737 1612 dubitarent
752 1551 954 1612 honestumne
970 1549 1002 1612 id
1021 1563 1099 1612 esset
1113 1553 1151 1613 de

101 1640 319 1744 &ffipggfflgssoffl
356 1667 417 1725 quo
428 1659 561 1727 ageretur
571 1667 609 1708 an
620 1659 714 1727 turpe,
730 1651 830 1723 alter0,
846 1649 957 1711 utilene
970 1662 1048 1711 esset
1059 1670 1098 1710 an
1110 1650 1152 1710 in·

102 1744 147 1843 23³,
164 1753 319 1835 hgfflgfflgfi·
357 1745 437 1818 utile,
452 1743 548 1818 tertio,
563 1743 588 1804 si
602 1743 640 1815 id,
648 1746 729 1822 quod
743 1744 874 1822 speciem
888 1746 1010 1807 haberet
1023 1745 1150 1818 honesti,
1165 1761 1193 1811 15

102 1823 320 1947 {gffilluv-'vme
357 1851 500 1918 pugnaret
511 1860 580 1899 cum
591 1860 628 1901 eo
640 1842 722 1918 quod
735 1841 807 1903 utile
821 1841 977 1916 videretur,
988 1862 1048 1919 quo
1060 1844 1151 1903 modo

356 1940 393 1998 ea
421 1937 548 1998 discerni
576 1949 724 2015 oporteret
732 1939 819 2000 :-de
848 1938 967 1999 duobus
996 1939 1152 2016 generibus

102 2032 204 2111 primis
215 2033 307 2095 tribus
318 2033 398 2095 libris
412 2033 578 2110 explicavit,
591 2035 629 2095 de
638 2034 724 2096 tertio
733 2046 832 2096 autem
841 2053 949 2112 genere
964 2035 1104 2112 deinceps
1118 2054 1151 2095 se

102 2130 217 2210 scripsit
236 2131 384 2192 dicturum
398 2151 454 2193 nec
468 2130 593 2192 exsolvit
607 2131 648 2205 id,
663 2133 746 2209 quod
764 2131 944 2209 promiserat.
997 2135 1024 2191 8.
1058 2131 1149 2207 Quod

99 2248 138 2290 eo
158 2227 250 2306 magis
272 2228 370 2302 miror,
386 2228 456 2306 quia
477 2228 619 2306 scriptum
634 2248 652 2288 a
666 2228 812 2307 discipulo
834 2228 897 2289 eius
916 2227 1079 2290 Posidonio
1094 2239 1146 2302 est,
1162 2247 1193 2282 το

98 2324 217 2403 triginta
236 2325 322 2385 annis
342 2324 450 2385 vixisse
472 2324 647 2386 Panaetium
668 2336 772 2402 postea
793 2344 883 2402 quam
897 2324 963 2385 illos
977 2324 1067 2385 libros
1088 2323 1149 2386 edi-

98 2423 199 2484 disset
243 2424 343 2498 Quem
363 2424 464 2482 locum
484 2421 574 2482 miror
588 2441 607 2482 a
620 2421 784 2484 Posidonio
804 2421 930 2484 breviter
949 2441 1014 2485 esse
1035 2434 1148 2484 tactum

99 2519 131 2581 in
151 2519 331 2597 quibusdam
352 2518 581 2591 commentariis,
603 2518 775 2596 praesertim
801 2539 872 2579 cum
899 2520 1006 2581 scribat
1033 2522 1147 2581 nullum

99 2636 164 2678 esse
177 2618 278 2677 locum
292 2615 322 2675 in
337 2625 400 2676 tota
413 2614 603 2692 philosophia
616 2627 678 2674 tam
697 2615 904 2678 necessarium.
963 2637 988 2694 9.
1020 2616 1147 2678 Minime

98 2732 169 2774 vero
189 2711 334 2773 assentior
354 2711 399 2783 iis,
421 2711 473 2788 qui
494 2725 603 2790 negant
623 2732 692 2773 eum
714 2715 814 2774 locum
828 2734 846 2773 a
861 2713 1003 2775 Panaetio
1024 2725 1146 2791 praeter·
1160 2731 1190 2778 25

98 2809 231 2883 missum,
246 2808 300 2870 sed
314 2810 452 2869 consulto
474 2808 609 2869 relictum
637 2827 692 2868 nec
707 2808 830 2869 omnino
845 2810 1034 2871 scribendum
1048 2810 1145 2884 suisse,

99 2904 170 2980 quia
183 2924 337 2982 nunquam
351 2917 453 2981 posset
467 2904 576 2965 utilitas
590 2925 660 2964 cum
674 2906 829 2966 honestate
843 2926 980 2983 pugnare.
1024 2909 1072 2967 De
1087 2926 1147 2983 quo

97 3003 223 3062 alterum
241 3012 339 3078 potest
358 3001 467 3062 habere
487 3001 712 3076 dubitationem,
727 3002 970 3063 adhibendumne
989 3003 1074 3064 suerit
1088 3006 1147 3064 hoc

64 3151 65 3154 ,
98 3117 200 3176 genus,
216 3098 299 3174 quod
320 3095 351 3156 in
373 3096 519 3158 divisione
541 3096 674 3158 Panaetii
688 3097 806 3158 tertium
827 3110 880 3172 est,
895 3119 934 3159 an
954 3101 1043 3177 plane
1063 3100 1147 3162 omit·

99 3195 233 3268 tendum,
248 3195 373 3254 alterum
395 3191 522 3254 dubitari
543 3213 605 3254 non
625 3204 732 3272 potest,
748 3194 820 3270 quin
834 3215 852 3255 a
867 3196 1010 3257 Panaetio
1030 3216 1145 3274 suscep·
1159 3212 1190 3261 30

98 3304 164 3353 tum
185 3291 230 3365 sit,
252 3292 306 3352 sed
326 3290 471 3353 relictum.
512 3293 592 3351 Nam
620 3291 671 3368 qui
695 3311 713 3352 e
737 3291 881 3353 divisione
905 3293 1048 3371 tripertita
1071 3294 1145 3354 duas

97 3399 196 3466 partes
214 3386 379 3461 absolverit,
403 3386 472 3447 huic
495 3406 615 3449 necesse
635 3400 679 3448 est
701 3399 809 3450 restare
832 3389 955 3450 tertiam.
991 3392 1145 3451 Praeterea

95 3484 128 3546 in
142 3497 274 3547 extremo
284 3485 360 3546 libro
374 3482 461 3546 tertio
475 3485 513 3545 de
527 3485 584 3544 hac
598 3495 680 3561 parte
699 3485 855 3562 pollicetur
873 3505 905 3547 se
924 3485 1064 3563 deinceps
1079 3505 1144 3547 esse

95 3583 252 3646 dicturum.
318 3602 363 3642 10.
406 3580 534 3643 Accedit
557 3583 667 3642 eodem
691 3581 773 3642 testis
797 3584 929 3659 locuples
954 3581 1141 3657 Posidonius,

95 3679 148 3760 qui
168 3679 258 3741 etiam
278 3678 378 3740 scribit
399 3677 429 3739 in
451 3679 581 3756 quadam
601 3678 727 3756 epistola
751 3681 783 3739 P.
799 3679 944 3740 Rutilium
966 3681 1081 3741 Rufum
1101 3681 1143 3742 di·
1157 3696 1186 3746 3⁵

94 3796 162 3839 cere
176 3779 279 3851 solere,
295 3775 346 3854 qui
368 3775 544 3836 Panaetium
564 3776 706 3852 audierat,
722 3786 755 3839 ut
776 3796 866 3840 nemo
887 3777 983 3859 pictor
1003 3791 1086 3842 esset
1101 3779 1145 3840 ‘m-

92 3885 200 3946 ventus,
216 3872 271 3949 qni
286 3873 319 3934 in
341 3875 406 3938 Coa
430 3875 548 3941 Venere
563 3897 632 3942 eam
647 3889 779 3964 partem,
793 3899 893 3966 quam
907 3878 1176 3964 hpelles'mdnoa·

1030 4010 1119 4076 't-‘²
1168 4069 1174 4076 .
