2580 4184
140 192 179 246 40
429 171 479 230 De
496 189 529 230 ea
541 176 631 248 parte
648 171 756 230 Decort'
771 189 845 246 quae
862 171 906 230 ad
996 168 1035 252 '[1
1050 187 1119 231 xxx
1135 192 1192 250 109

140 339 225 399 dines
249 335 432 398 sunt-alios
454 337 591 397 videmus
611 335 828 398 velocitateud
847 329 974 411 cursum,
989 337 1063 398 alios
1083 337 1192 400 viribus

138 436 178 496 ad
191 435 364 495 luctandum
378 436 483 507 valere,
498 434 629 511 itemque
643 433 792 511 lufonnis
806 434 869 496 aliis
882 435 1064 514 dignitatem
1085 436 1191 510 inesse,

138 525 202 593 alii's
222 531 500 605 venustatem—,sic
520 530 678 591 inanimis
699 532 827 593 existunt
851 531 976 606 maiores
997 532 1086 594 etiam
1103 533 1193 593 varie·

390 638 473 689 tates.
519 631 583 687 108.
621 631 691 688 Erat
710 627 741 686 in
759 631 792 688 L.
812 631 928 701 Crasso,
946 629 978 689 in
997 631 1031 689 L.
1051 629 1191 707 Philippo
1260 701 1262 705 ¹

137 725 237 775 (tormen
249 723 353 765 saeva·
390 727 500 785 multus
525 726 617 802 lepos,
642 724 736 785 maior
756 723 846 785 etiam
863 725 1014 802 magisque
1034 728 1072 787 de
1089 726 1195 790 indus.
1217 752 1234 800 5

138 775 357 876 ffissffiffiffiiffir'
389 823 444 883 tria
464 821 496 881 in
517 823 551 882 C.
573 823 700 882 Caesare
719 823 752 880 L.
775 820 857 880 filior
885 833 915 881 at
935 821 1030 882 isdem
1051 822 1191 900 tempori·
1216 899 1220 910 .

137 884 200 926 wrtty
230 876 273 916 and
300 889 350 926 gay,

138 925 294 1018 ssgssffif‘ss
309 925 352 1018 Ἓξ
389 919 446 981 bus
466 919 498 979 in
519 917 565 978 M.
579 921 690 979 Scauro
711 928 741 978 et
761 917 792 977 in
814 921 1209 1001 M.·Druso,adulescente,

138 1007 143 1016 .
218 1006 224 1026 ‚
1262 1010 1264 1012 ,

137 1027 195 1076 like),
309 1039 311 1042 ·
391 1017 544 1095 singularis
571 1017 716 1089 severitas,
746 1015 777 1075 in
805 1019 839 1078 C.
870 1018 972 1078 Laelio
999 1021 1093 1078 multa
1120 1019 1192 1080 hila-

388 1111 465 1183 ritas,
489 1108 603 1170 ineius
624 1107 757 1168 familiari
778 1107 915 1185 Scipione
937 1109 1060 1170 ambitio
1087 1111 1189 1184 maior,

139 1206 197 1267 vita
224 1204 339 1266 tristior.
383 1207 431 1266 De
460 1204 579 1266 Graecis
614 1216 713 1264 autem
741 1206 860 1264 dulcem
887 1216 918 1265 et
952 1208 1081 1266 facetum
1112 1208 1233 1268 sesti-10
1263 1219 1265 1224 “

136 1304 225 1382 vique
252 1323 395 1365 sennonrs
422 1314 513 1380 atque
527 1301 570 1362 -in
598 1301 680 1362 omni
708 1303 839 1363 oratione
865 1303 1074 1378 simulatorem,
1099 1324 1190 1382 quem

138 1403 234 1477 εἴρωνα
253 1401 359 1463 Graeci
381 1402 579 1473 nominarunt,
594 1402 746 1461 Socratem
766 1400 1063 1478 accepimuszcontra
1084 1405 1191 1480 Pytha*-
1214 1442 1215 1447 .

137 1503 238 1576 goram
252 1511 282 1560 et
297 1499 442 1560 Periclem
463 1516 610 1558 summam
629 1497 833 1557 auctoritatem
852 1509 1027 1571 consecutos
1047 1498 1110 1559 sine
1129 1502 1201 1559 ulla-

137 1595 289 1656 hilaritate.
344 1595 493 1657 Callidum
521 1593 724 1654 Hannibalem
751 1613 789 1654 ex
816 1597 994 1669 Poenorum,
1017 1616 1055 1656 ex
1082 1597 1189 1657 nostris
1251 1636 1267 1654 a

137 1689 261 1750 ducibus
287 1691 323 1766 Q.
344 1690 511 1750 Maximum
531 1688 708 1767 accepimus,
745 1689 830 1750 facile
854 1693 950 1770 celare
981 1702 1087 1766 tacere,
1107 1693 1230 1762 dissi-15

136 1787 248 1846 mulare
280 1786 419 1860 insidiari,
442 1785 607 1864 praeripere
625 1785 755 1845 hostium
772 1786 902 1847 consilia
946 1789 984 1847 In
1003 1806 1063 1864 quo
1081 1808 1189 1866 genere

137 1882 243 1943 Graeci
257 1883 491 1943 Themistoclem
501 1894 531 1942 et
546 1883 711 1941 Pheraeum
726 1883 865 1942 Iasonem
876 1883 979 1944 ceteris
994 1890 1190 1963 anteponunt,

99 2026 102 2031 .
136 1981 167 2040 in
190 1980 350 2057 primisque
374 1991 524 2041 versutum
542 1990 572 2040 et
594 1978 734 2039 callidum
758 1982 868 2041 factum
891 1982 1016 2056 Solonis,
1042 1984 1102 2060 qui,
1127 2005 1188 2062 quo

110 2076 124 2112 ·'
136 2091 166 2139 et
180 2078 269 2139 tutior
281 2078 342 2138 vita
354 2078 418 2139 eius
436 2090 514 2139 esset
528 2090 557 2139 et
571 2080 637 2155 plus
651 2078 802 2154 aliquanto
816 2079 858 2139 rei
876 2080 1013 2156 publicae¹
1025 2085 1187 2158 prodesset,

137 2179 231 2237 furere
258 2195 291 2236 se
318 2175 471 2236 simulavit.
526 2196 590 2252 109.
640 2177 715 2235 Sunt
742 2176 788 2236 his
815 2177 864 2235 alii
891 2179 1016 2238 multum
1044 2179 1184 2257 dispares,
1198 2212 1229 2244 20

136 2274 284 2351 simplices
298 2285 328 2334 et
341 2273 442 2350 aperti,
458 2273 509 2350 qui
528 2273 601 2332 nihil
622 2293 659 2334 ex
678 2275 804 2347 occulto,
820 2274 892 2333 nihil
912 2277 950 2336 de
967 2275 1080 2336 insidiis
1099 2297 1186 2354 agen·

136 2373 209 2432 dum
223 2382 336 2448 putant,
350 2369 479 2432 veritatis
493 2373 628 2443 cultores,
644 2371 753 2431 fraudis
767 2371 896 2447 inimici3
917 2372 1048 2450 itemque
1062 2373 1119 2447 alii,
1133 2375 1184 2451 qui

134 2469 250 2546 quidvis
270 2468 476 2547 perpetiantur,
499 2469 590 2528 cuivis
612 2469 785 2542 deserviant,
808 2472 879 2530 dum
901 2472 984 2548 quod
1004 2463 1095 2532 velint
1114 2492 1185 2532 con-

101 2617 102 2622 ,
132 2577 301 2642 sequantur,
329 2577 362 2626 ut
389 2568 500 2626 Sullam
527 2578 557 2625 et
585 2569 628 2625 M.
659 2568 798 2627 Crassum
824 2567 1004 2629 videbamus.
1048 2571 1117 2643 Quo
1152 2570 1183 2629 in

84 2665 106 2723 “.
131 2683 239 2741 genere
262 2663 494 2724 versutissimum
516 2675 546 2723 et
566 2663 813 2740 patientissimum
834 2666 1104 2726 Lacedaemonium
1126 2669 1183 2745 Ly·
1196 2693 1224 2741 τε

132 2762 273 2821 sandrum
299 2760 476 2838 accepimus,
504 2772 666 2838 contraque
691 2760 917 2834 Callicratidam,
941 2763 992 2838 qui
1018 2766 1183 2841 praefectus

131 2858 231 2918 classis
245 2859 394 2937 proximus
408 2870 476 2935 post
490 2861 675 2937 Lysandrum
689 2859 751 2919 fuit.
796 2861 932 2937 Itemque
953 2861 984 2920 in
998 2862 1183 2923 sermonibus

131 2956 230 3025 aliurn,
250 2956 383 3033 quamvis
402 2969 578 3034 praepotens
599 2957 645 3030 sit,
660 2957 776 3017 efficere
797 2969 830 3016 ut
846 2977 922 3017 unus
942 2959 979 3018 de
998 2958 1098 3042 multis
1116 2979 1181 3021 esse

129 3052 271 3126 videatur,
292 3054 375 3130 quod
401 3053 433 3112 in
461 3056 577 3126 Catulo,
599 3065 629 3114 et
650 3053 681 3112 in
701 3065 784 3131 patre
804 3064 834 3114 et
854 3053 886 3112 in
899 3053 976 3136 ¹filio,
999 3055 1129 3133 itemque
1149 3056 1181 3117 in

132 3149 168 3224 Q.
194 3149 305 3220 Mucio,
322 3150 445 3210 Mancia
467 3151 602 3211 vidimus.
645 3150 756 3211 Audivi
777 3170 816 3211 ex
839 3149 997 3212 maioribus
1019 3164 1098 3227 natu,
1122 3156 1181 3215 hoc
1194 3177 1225 3225 30

129 3245 210 3307 idem
237 3245 325 3307 fuisse
349 3245 381 3305 in
403 3249 436 3306 P.
466 3247 604 3323 Scipione
630 3247 748 3319 Nasica,
777 3243 939 3323 contraque
965 3260 1079 3325 patrem
1106 3250 1182 3326 eius,

129 3341 213 3402 illum
226 3341 278 3419 qui
291 3341 337 3402 Ti.
354 3342 482 3403 Gracchi
495 3355 618 3403 conatus
635 3343 766 3420 perditos
779 3343 947 3419 vindicavit,
963 3348 1074 3407 nullam
1090 3335 1181 3409 comi·

128 3448 219 3512 tatem
232 3437 370 3498 habuisse
384 3439 535 3513 sermonis,
547 3436 597 3520 [ne
610 3442 808 3520 Xenocratem
823 3440 953 3517 quidem,
964 3443 1188 3506 severissimum

128 3531 396 3616 philosophorum]
421 3535 461 3596 ob
489 3555 615 3612 eamque
642 3555 703 3596 rem
732 3535 825 3612 ipsam
849 3526 989 3614 magnum
1013 3551 1044 3600 et
1067 3544 1200 3603 clarum*
1233 3580 1236 3588 ι

180 3686 367 3758 16¹praecipere
381 3692 419 3741 Or
458 3695 468 3749 ΙΙ
510 3693 542 3741 28
559 3691 675 3756 aliquem,
689 3665 803 3756 quamvis
814 3694 1085 3758 BaauclorePearcio,·
1101 3677 1178 3748 aliurn

121 3781 248 3828 quemque
261 3765 377 3831 qu'amvis
390 3771 479 3831 codd.;
492 3771 579 3833 alium,
597 3772 710 3838 quamvis
721 3774 748 3823 F
748 3788 759 3834 ;
775 3773 853 3823 alium
866 3789 951 3838 quem,
967 3778 1080 3839 quumvis
1093 3780 1131 3827 Or
1165 3785 1177 3836 tl

102 3843 274 3907 '91'de111q11e
287 3849 317 3898 iu
336 3849 370 3914 Q.
387 3852 486 3915 Mucio,
504 3854 533 3905 in
551 3856 657 3908 Mancia
673 3857 785 3908 vidimus
805 3856 892 3922 Unger
907 3857 947 3906 Lu
971 3860 987 3913 h
1013 3870 1047 3918 33
1063 3859 1136 3904 verbo
1156 3873 1192 3905 *Ὦ
