2580 4184
135 224 171 266 υ
331 206 381 263 De
397 204 513 263 secundo
531 201 615 279 officii
622 202 708 279 fonte
724 201 784 260 siue
801 199 984 277 Beneficentia
1019 195 1183 280 [lxv1155

133 377 305 439 communia
326 376 434 438 omnia„
477 377 516 437 Id
537 386 638 436 autem
660 384 706 435 est
733 372 910 450 principium
936 372 1017 433 urbis
1041 384 1072 434 et
1098 370 1183 450 quasi

134 472 323 557 seminarium
336 472 379 532 rei
391 471 546 549 publicae·
558 473 728 548 Sequuntur
738 473 857 530 fratrum
871 469 1104 542 coniunctiones,
1116 479 1184 546 post

133 571 377 634 consobrinomm
386 571 639 647 sobrinorumque,
651 569 703 647 qui
716 589 786 629 cum
794 589 855 629 una
868 570 960 630 domo
973 568 1033 630 iam
1046 567 1114 645 capi
1122 588 1183 629 non

134 670 256 748 possint,
271 669 302 729 in
316 669 387 729 alias
402 670 508 729 domos
522 679 675 744 tamquam
689 667 721 727 in
734 666 866 729 colonias
875 677 992 727 exeunt
1014 668 1184 744 Sequuntur

135 766 263 827 conubia
276 777 306 827 et
319 766 494 839 adfinitates,
504 785 542 826 ex
555 765 662 842 quibus
676 764 766 825 etiam
779 766 877 842 plures
887 763 1053 842 propinqui.
1097 765 1183 838 Quae
1214 791 1228 840 5

134 863 305 942 propagatio
322 875 351 924 et
372 863 490 924 suboles
511 862 592 940 origo
613 873 658 923 est
677 882 774 922 rerum
794 861 986 939 publicarum.
1027 861 1183 939 Sanguinis

134 973 234 1022 autem
249 961 419 1022 coniunctio
433 972 463 1022 et
477 959 684 1021 benevolentia
702 960 832 1020 devincit
850 958 988 1020 homines
1007 967 1036 1018 ct
1052 959 1180 1021 caritate.

136 1075 183 1134 55.
226 1060 371 1136 Magnum
391 1069 436 1118 est
456 1057 537 1119 enim
558 1059 663 1118 eadem
684 1057 793 1117 habere
814 1067 1008 1116 monumenta
1027 1055 1182 1128 maiorum,

135 1156 248 1217 eisdem
268 1155 312 1216 uti
332 1155 429 1228 sacris,
445 1157 600 1233 sepulchra
620 1155 729 1216 habere
749 1152 929 1214 communia.
971 1153 1031 1213 Sed
1047 1151 1183 1213 omnium

314 1238 317 1241 ἢ
385 1253 559 1314 societatum
575 1253 657 1312 nulla
676 1249 869 1329 praestantior
887 1260 940 1324 est,
960 1251 1042 1309 nulla
1061 1248 1180 1321 firmior,
1198 1274 1228 1309 10

147 1341 195 1382 ”¹⁰
204 1342 281 1384 ⁵¹⁰¹&
289 1342 346 1385 Μ
384 1368 475 1426 quam
488 1369 558 1409 cum
571 1349 625 1409 viri
638 1347 711 1409 boni
725 1347 856 1407 moribus
872 1345 983 1407 similes
996 1357 1065 1407 sunt
1080 1345 1183 1406 famili-

135 1393 160 1433 of
167 1394 228 1433 union
239 1394 256 1434 is
268 1394 313 1434 that
325 1393 350 1434 of

135 1444 267 1494 Fri‘fflli’
312 1444 348 1485 b*
384 1446 487 1507 aritate
506 1444 666 1507 coniuncti.
709 1446 791 1505 Illud
810 1443 891 1505 enim
912 1445 1080 1518 honestum,
1098 1445 1183 1521 quod

135 1495 266 1545 tweengood
275 1508 329 1536 men

383 1564 470 1622 saepe
485 1544 620 1618 dicimus,
629 1542 718 1605 etiam
733 1542 758 1602 si
772 1542 803 1602 in
813 1541 872 1602 alio
886 1541 1043 1614 cernimus,
1081 1555 1183 1604 tamen

134 1660 189 1702 nos
213 1653 312 1703 movet
336 1653 425 1719 atque
448 1642 498 1716 illi,
523 1641 554 1702 in
575 1661 636 1719 quo
655 1641 688 1701 id
708 1640 804 1701 inesse
824 1639 947 1713 videtur,
969 1638 1081 1721 amicos
1102 1638 1180 1701 facit.

135 1739 186 1814 56.
227 1741 266 1798 Et
286 1757 466 1815 quamquam
487 1737 584 1799 omnis
603 1736 694 1797 virtus
715 1755 770 1796 nos
790 1736 830 1795 ad
846 1755 878 1796 se
894 1733 984 1795 allicit
1004 1723 1134 1812 facitque
1148 1746 1181 1796 ut
1197 1756 1224 1806 ¹⁵

134 1853 186 1895 eos
208 1833 368 1912 diligamus
379 1834 410 1894 in
426 1834 534 1912 quibus
552 1834 616 1911 ipsa
628 1832 725 1894 inesse
741 1833 882 1906 videatur,
904 1843 1003 1892 tamen
1022 1831 1133 1892 iustitia
1150 1843 1181 1893 et

133 1929 290 1991 liberalitas
310 1929 342 1990 id
362 1931 490 1992 maxime
510 1930 607 1992 efficit.
650 1930 734 1990 Nihil
753 1941 854 1990 autem
875 1940 919 1990 est
941 1929 1096 1990 amabilius
1123 1948 1180 1989 nec

133 2022 297 2103 copulatius
312 2047 402 2104 quam
416 2047 532 2088 momm
551 2027 713 2098 similitudo
733 2028 888 2108 bonQJum.
925 2029 962 2086 In
977 2026 1085 2104 quibus
1098 2027 1180 2090 enim

133 2129 239 2187 eadem
260 2129 357 2197 studia
375 2139 451 2202 sunt,
466 2129 590 2189 eaedem
603 2129 778 2199 voluntates,
793 2125 824 2185 in
842 2125 878 2186 iis
896 2127 929 2185 fit
947 2137 980 2186 ut
993 2146 1089 2203 aeque
1103 2128 1180 2205 quis·

134 2243 193 2300 que
206 2225 297 2284 altero
309 2225 470 2284 delectetur
483 2243 518 2284 ac
531 2243 564 2284 se
578 2223 652 2300 ips0,
663 2222 846 2299 efficiturque
860 2221 892 2282 id
901 2222 984 2298 quod
998 2224 1178 2301 Pythagoras
1192 2244 1225 2280 ao

77 2393 78 2397 η
383 2325 446 2383 vult
459 2322 490 2382 in
504 2322 641 2397 amicitia,
656 2334 689 2383 ut
699 2342 776 2382 unus
789 2324 840 2381 fiat
853 2341 890 2382 ex
903 2320 1043 2398 pluribus.
1067 2323 1179 2400 Magna

132 2386 351 2478 trilliiiffllssalf
384 2418 474 2479 etiam
500 2418 550 2477 illa
576 2417 773 2478 communitas
801 2427 845 2476 est
869 2436 946 2494 quae
967 2416 1122 2503 conficitur
1143 2403 1180 2480 ex
1206 2484 1211 2495 ,

133 2489 196 2530 'md'
384 2515 534 2576 beneficiis
555 2517 632 2575 ultro
652 2525 682 2575 et
702 2515 775 2574 citro
796 2514 872 2574 datis
892 2514 1029 2591 acceptis,
1050 2534 1128 2592 quae
1148 2528 1179 2576 et

134 2623 237 2671 mutua
250 2622 280 2671 et
293 2622 373 2689 grata
387 2613 459 2697 dum
474 2623 550 2686 sunt,
566 2612 642 2672 inter
655 2631 730 2688 quos
744 2631 780 2672 ea
793 2624 869 2680 sunt,
875 2613 959 2672 firma
972 2612 1179 2674 devinciuntur

133 2711 281 2771 societate.
364 2701 370 2711 ⁸
422 2746 430 2756 -
1048 2711 1053 2720 '
1192 2725 1222 2773 ²5

195 2823 240 2883 57.
283 2807 343 2866 Sed
362 2827 431 2867 cum
452 2806 552 2868 omnia
571 2804 684 2866 ratione
704 2804 864 2882 animoque
883 2805 1020 2880 lustratis,
1042 2805 1178 2869 omnium

133 2901 308 2961 societatum
341 2905 422 2962 nulla
454 2914 499 2963 est
532 2901 654 2980 gravior,
683 2903 764 2961 nulla
790 2901 883 2961 carior
909 2922 1000 2979 quam
1026 2923 1071 2978 ea,
1100 2924 1178 2982 quae

144 3033 344 3075 mmmm.
380 3019 450 3059 cum
469 3019 500 3059 re
520 2999 639 3076 publica
662 3008 706 3058 est
727 2997 778 3057 uni
798 2997 906 3074 cuique
924 3010 1065 3059 nostrum
1109 3000 1179 3064 Cari

133 3084 343 3176 {ssgtgllisslassssff}
380 3111 449 3158 sunt
474 3109 618 3175 parentes,
643 3097 702 3155 cari
724 3097 807 3156 liberi
830 3096 988 3174 propinqui
1011 3097 1176 3173 familiares,

135 3185 189 3235 ⁵hil·
378 3197 432 3255 sed
456 3214 559 3255 omnes
583 3193 718 3254 omnium
741 3193 875 3254 caritates
899 3193 992 3270 patria
1014 3214 1074 3254 una
1097 3215 1177 3256 com·
1190 3216 1224 3264 30

131 3293 218 3367 plexa
243 3303 296 3365 est,
321 3310 374 3367 pro
401 3311 461 3368 qua
484 3290 550 3366 quis
571 3291 666 3350 bonus
691 3290 806 3350 dubitet
828 3302 953 3350 mortem
978 3303 1126 3367 oppetere,
1152 3292 1176 3352 si

131 3388 158 3447 ei
186 3388 222 3448 sit
245 3389 437 3466 profuturus?
478 3389 547 3462 Quo
569 3398 613 3446 est
636 3387 835 3447 detestabilior
858 3387 980 3447 istorum
1007 3387 1174 3460 inmanitas,

131 3486 182 3563 qui
195 3488 358 3546 lacerarunt
372 3483 454 3545 omni
472 3485 581 3544 scelere
601 3484 725 3560 patriam
743 3496 773 3544 et
792 3484 823 3543 in
841 3503 878 3544 ea
896 3484 1028 3544 funditus
1046 3485 1175 3545 delenda

1222 2109 1236 2140 D

179 3659 193 3709 7
210 3653 235 3696 et
253 3645 560 3694 benevolentia-caritate
578 3643 643 3692 codd.
660 3644 757 3707 antiqq.
792 3647 802 3700 ll
840 3658 869 3706 13
885 3650 969 3693 tamen
985 3645 1055 3693 ands
1070 3645 1176 3694 includet

129 3729 171 3778 Ba
180 3727 300 3792 probante
310 3728 390 3776 Heine
425 3730 434 3784 ΙΙ
470 3741 499 3775 21
512 3725 626 3774 ultimum
637 3725 663 3772 in
673 3725 782 3774 amicitia
794 3726 890 3788 putavit
903 3727 983 3774 labina
995 3734 1049 3789 post
1059 3728 1174 3776 Nma’um

48 3792 51 3796 ’
115 3821 137 3850 ι.
147 3821 171 3850 a.
183 3807 325 3863 ulmam·
338 3807 395 3855 aad)
403 3812 453 3856 not.
464 3807 527 3856 adl.
564 3810 574 3866 ss
611 3819 642 3869 23
657 3805 722 3855 ultro
738 3813 763 3856 et
779 3807 875 3855 citroZ
889 3807 930 3855 Ba
940 3806 1085 3856 Heinecum
1095 3807 1172 3867 codd„

100 3882 171 3929 ultro
181 3883 247 3932 citro
262 3887 304 3934 Or.
