2580 4184
132 185 171 246 54
470 164 662 224 Honestorum
682 161 855 239 comparatio
992 157 1020 242 [1
1036 162 1103 221 xrir
1120 178 1176 240 150

129 331 249 410 publice
269 331 389 393 venerit.
432 330 482 390 Ad
497 349 652 403 summam,
674 347 713 389 ne
733 347 820 405 agam
839 328 878 387 de
897 325 1028 402 singulis,
1045 345 1179 387 commu·

130 448 200 490 nem
216 428 305 489 totius
318 426 432 505 generis
446 426 602 486 hominum
616 424 857 486 conciliationem
878 434 907 483 et
921 421 1177 485 consociationem

132 528 229 587 colere
242 526 318 586 tueri
331 543 446 585 servare
460 524 612 583 debemus.

41 629 120 682 XLII
319 638 321 644 ·
445 636 509 696 150.
553 620 618 678 Iam
647 618 687 678 de
710 615 838 678 artificiis
866 627 896 678 et
920 614 1099 693 quaestibus,
1125 614 1177 694 qui

131 679 343 790 ,mTssssssffinaffi
382 713 516 775 liberales
539 713 679 788 habendi,
704 713 755 791 qui
782 713 895 774 sordidi
923 713 990 784 sint,
1018 713 1093 773 haec
1116 714 1177 774 sere
1206 721 1221 772 5

130 781 345 872 ffingrnaeffiii
383 812 559 890 accepimus.
602 810 735 872 Primum
756 810 959 889 improbantur
982 809 1003 870 ii
1026 820 1175 887 quaestus,

128 881 178 934 ’ΒΥ
187 882 238 934 ‘¹¹⁰³'
246 894 319 924 Μ
380 906 432 984 qui
450 907 481 967 in
499 907 571 966 odia
588 905 745 966 hominum
764 904 924 979 incurmnt,
939 915 972 965 ut
990 905 1175 982 portitorum,

130 1017 165 1067 ut
177 1008 399 1066 faeneratomm.
442 1002 616 1063 Inliberales
630 1014 730 1063 autem
744 1012 774 1063 et
788 1001 900 1063 sordidi
914 1013 1054 1088 quaestus
1067 1021 1177 1062 merce·

130 1102 279 1163 uariorum
293 1101 435 1174 omnium,
448 1119 575 1178 quorum
589 1119 705 1178 operae,
721 1119 783 1160 non
795 1119 919 1176 quorum
934 1110 1010 1159 artes
1024 1110 1176 1173 emuntur,

132 1211 177 1260 est
193 1199 272 1259 enim
294 1197 326 1257 in
344 1196 484 1274 illisipsa
502 1215 615 1257 merces
637 1206 892 1256 auctoramentum
915 1195 1068 1256 servitutis.
1111 1196 1176 1257 Sor·
1191 1206 1220 1242 ro

25 1303 36 1348 f
131 1295 194 1356 didi
209 1295 298 1355 etiam
311 1288 438 1371 putandi
464 1293 515 1371 qui
532 1304 700 1353 mercantur
718 1311 736 1352 a
754 1291 966 1352 mercatoribus
981 1293 1062 1368 quod
1077 1291 1176 1353 statim

131 1393 277 1466 vendant,
296 1390 370 1450 nihil
385 1389 464 1450 enirn
484 1388 649 1466 proficiant,
668 1387 726 1448 nisi
739 1389 902 1448 admodum
916 1388 1104 1462 mentiantur,
1118 1407 1177 1448 nec

130 1507 201 1547 vero
222 1497 266 1547 est
286 1485 446 1562 quicquam
472 1484 585 1563 turpius
612 1483 751 1544 vanitate.
794 1484 984 1561 Opificesque
1011 1502 1117 1545 omnes
1143 1483 1176 1544 in

131 1583 251 1645 sordida
267 1595 329 1643 arte
347 1591 516 1653 versantur,
536 1600 593 1641 nec
614 1581 695 1641 enirn
715 1579 875 1657 quicquam
893 1579 1054 1657 ingenuum
1076 1591 1177 1659 potest

131 1681 239 1741 habere
257 1679 381 1740 officina.
425 1677 610 1755 Minimeque
629 1688 706 1737 artes
725 1696 778 1737 eae
796 1677 968 1754 probandae
981 1695 1059 1754 quae
1078 1677 1177 1738 minis·
1192 1692 1218 1742 ¹5

29 1823 32 1827 -
130 1790 192 1839 trae
206 1790 274 1838 sun-t
287 1778 490 1852 voluptatum:

391 1885 485 1939 Cetdria‘
497 1881 568 1937 Ianir‘
577 1888 648 1953 coqui
654 1881 766 1953 frrrtdres
776 1883 913 1954 piscato'res,

131 2001 165 2050 nt
177 1989 218 2050 ait
228 1985 390 2051 Terentius.
420 1984 509 2044 Adde
523 1984 581 2042 huc
592 1984 616 2044 si
630 1986 728 2061 placet
739 1984 958 2063 unguentarios,
970 1985 1122 2045 saltatores
1133 1995 1174 2045 to-

318 2142 323 2152 ,
382 2091 505 2157 tumque
516 2080 619 2140 ludum
630 2079 771 2140 talarium.
812 2098 876 2158 151.
905 2079 1174 2157 Inquibusautem

131 2143 237 2254 suffire
248 2151 346 2236 ffiuii
382 2177 493 2238 artibus
513 2188 564 2237 aut
582 2177 739 2256 prudentia
757 2178 852 2238 maior
867 2177 943 2237 inest
962 2188 1012 2237 aut
1031 2197 1094 2237 non
1115 2198 1174 2238 me·
1187 2194 1218 2230 το

130 2245 209 2288 Μ
381 2273 487 2334 diocris
504 2274 613 2334 utilitas
630 2274 784 2351 quaeritur,
805 2285 838 2334 ut
856 2274 1012 2346 medicina,
1031 2285 1065 2334 ut
1083 2274 1175 2335 archi-

128 2383 250 2446 tectura,
270 2383 304 2432 ut
324 2372 459 2433 doctrina
478 2392 575 2432 rerum
596 2373 795 2444 honestarum,
818 2373 874 2432 hae
896 2384 965 2431 sunt
986 2371 1023 2431 iis
1046 2391 1173 2448 quorum

129 2469 225 2529 ordini
246 2469 428 2530 conveniunt
448 2471 598 2529 honestae.
643 2471 812 2529 Mercatura
830 2480 940 2542 autem,
960 2467 984 2528 si
1003 2468 1101 2528 tenuis
1119 2479 1172 2542 est,

128 2565 248 2625 sordida
268 2567 403 2643 putanda
425 2577 483 2625 est:
512 2567 557 2624 sin
580 2584 688 2642 magna
714 2575 743 2624 et
768 2565 899 2642 copiosa,
923 2566 1016 2624 multa
1040 2563 1174 2641 undique

127 2672 286 2737 apportans
308 2661 467 2739 multisque
486 2661 550 2721 sine
568 2661 699 2722 vanitate
720 2660 900 2738 impertiens,
922 2681 984 2720 non
1005 2672 1050 2721 est
1070 2663 1173 2722 admo·
1186 2675 1215 2728 25
1255 2701 1257 2703 >

127 2759 199 2816 dum
217 2756 420 2833 vituperanda,
440 2769 531 2834 atque
545 2758 635 2818 etiam
656 2757 680 2817 si
701 2756 806 2818 satiata
819 2770 944 2835 quaestu
963 2759 1010 2818 vel
1031 2769 1173 2818 contenta

126 2851 233 2928 potius,
254 2863 287 2911 ut
301 2871 390 2929 saepe
405 2870 441 2911 ex
456 2855 516 2913 alto
537 2853 568 2912 in
587 2864 715 2930 portum,
738 2872 774 2913 ex
792 2853 859 2930 ipso
876 2865 963 2930 portu
983 2873 1015 2914 se
1035 2853 1067 2914 in
1087 2873 1173 2931 agros

126 2947 389 3027 possessionesque
414 2949 547 3023 contulit,
568 2949 684 3010 videtur
704 2949 766 3010 iure
794 2949 908 3027 optimo
935 2969 1024 3027 posse
1052 2949 1172 3011 laudari.

375 3045 519 3106 Omnium
533 3058 632 3107 autern
646 3066 752 3120 rerum,
767 3066 804 3106 ex
819 3046 926 3123 quibus
940 3045 1054 3124 aliquid
1071 3046 1174 3124 adqui·

125 3124 342 3218 „fflffiffl‘
379 3140 458 3214 ritur‚
482 3141 555 3201 nihil
583 3154 628 3203 est
652 3143 712 3220 agri
737 3145 852 3202 cultura
878 3143 992 3217 melius,
1015 3143 1089 3204 nihil
1110 3145 1216 3211 dul-30

382 3239 453 3314 cius,
473 3241 547 3300 nihil
562 3243 691 3315 uberius,
706 3241 779 3301 nihil
793 3243 914 3302 homine
929 3243 1022 3303 libero
1037 3243 1172 3320 dignius:

127 3334 165 3395 de
184 3353 243 3411 qua
263 3334 404 3412 quoniam
422 3336 454 3395 in
472 3339 589 3398 Catone
607 3338 719 3398 maiore
736 3338 806 3397 satis
824 3340 918 3398 muita
939 3338 1076 3414 diximus,
1096 3337 1171 3398 illim

127 3449 258 3492 assumes
273 3451 349 3509 quae
364 3434 403 3493 ad
416 3434 497 3493 hunc
510 3436 610 3495 locum
624 3419 821 3512 pertinebunt
1127 3421 1147 3428 ἢ

175 3595 191 3644 8
207 3596 429 3647 mercennariorum
444 3598 486 3648 Bo
521 3601 532 3656 i
569 3612 599 3664 19
615 3599 705 3663 quibus
720 3606 803 3649 autem
818 3600 883 3651 codd.
902 3598 935 3659 in,
953 3601 1020 3666 quod
1031 3603 1092 3653 adire·
1108 3602 1174 3654 iubet

125 3681 238 3722 constans
251 3676 371 3726 Ciceronis
381 3677 596 3738 amarandus
626 3682 635 3735 ΙΙ
666 3680 875 3730 aScontuleritZ
902 3684 913 3737 ΙΙ
943 3681 1168 3742 31nihilhomine,

125 3753 188 3802 nihil
209 3752 290 3803 libero
310 3755 409 3821 dignius
429 3757 495 3806 codd.
531 3760 542 3814 u
577 3770 607 3821 32
626 3756 688 3806 illim
709 3759 751 3808 Ba
772 3758 854 3808 Heine
871 3758 921 3807 Mu
935 3760 1071 3808 mnrnrell.
1086 3758 1172 3811 codd..-

107 3835 268 3898 le'rrcmsswo
