2580 4184
128 177 166 234 9²
373 160 423 220 De
437 159 471 222 'ea
491 161 664 240 beneficentia
683 181 757 239 qaae
772 170 857 240 opera
868 159 933 239 fiat
983 155 1033 240 [11¹
1044 177 1122 250 xxiv
1137 161 1174 236 85

131 325 236 386 melius
259 308 453 384 nec'lacilius
474 322 652 385 dissolutum
671 334 728 383 est:
756 321 913 385 fraudandi
933 320 1015 384 enim
1038 341 1092 400 spe
1112 322 1180 381 sub

382 419 442 479 lata
455 418 590 481 solvendi
610 420 769 481 necessitas
784 430 945 480 consecuta
957 429 1009 480 est.
1052 420 1179 479 atvero

132 497 356 595 &mmm
389 515 439 576 hic
457 534 538 575 nunc
556 512 659 587 victor,
677 524 741 575 tum
761 514 883 591 quidem
897 513 993 576 victus
1007 535 1084 593 quae
1101 516 1181 594 cogi-

391 624 474 687 tarat,
492 632 529 673 ea
543 612 674 688 perfecit,
690 631 759 672 cum
774 611 837 673 eius
854 611 914 673 iam
928 612 1003 672 nihil
1016 612 1179 675 interesset.

133 714 232 772 Tanta
245 713 277 772 in
296 730 334 771 eo
347 708 494 788 peccandi
508 708 601 769 libido
615 707 679 781 suit,
694 720 727 768 ut
740 708 800 768 hoc
813 707 912 786 ipsum
931 728 1000 770 eum
1019 710 1188 782 delectaret,
1201 736 1216 785 5

132 829 266 888 peccare,
282 810 371 871 etiam
385 809 410 868 si
425 827 513 867 causa
527 826 589 867 non
602 817 688 866 esset

159 965 206 1006 ne
218 965 287 1007 dum
298 964 323 1006 os
332 978 346 1006 a
445 901 492 976 85.
523 899 573 959 Ab
586 899 645 959 hoc
659 898 747 978 igitur
759 919 868 978 genere
882 898 1054 978 largitionis,
1069 912 1103 961 ut
1117 900 1180 962 aliis

133 1012 189 1066 good
220 1017 345 1066 magistrate
383 1000 477 1074 detur,
497 998 561 1058 aliis
575 1000 731 1072 auferatur,
746 1000 872 1060 aberunt
887 998 917 1072 ii,
935 998 987 1076 qui
1004 1018 1068 1059 rem
1086 999 1181 1077 publi·

133 1075 155 1107 to
168 1065 231 1107 avoid
244 1066 286 1107 this
302 1075 345 1106 sort
650 1094 657 1109 .
730 1095 736 1107 .
771 1095 777 1108 .

132 1117 156 1158 or
174 1117 279 1167 uaesano
302 1117 345 1157 aad
383 1116 450 1156 cam
464 1097 633 1168 tuebuntur,
648 1115 854 1174 inprimisque
874 1116 994 1174 operam
1013 1097 1132 1158 dabunt
1147 1107 1180 1156 ut

131 1166 347 1276 ssrssiub‘u‘br‘obcei
383 1192 452 1254 iuris
460 1204 490 1254 et
500 1191 677 1254 iudiciorum
687 1193 836 1270 aequitate
848 1213 935 1254 suum
945 1192 1070 1271 quisque
1080 1205 1179 1255 teneat
1198 1219 1226 1256 ιο

131 1268 204 1318 ’ΨΜ
382 1301 412 1352 et
425 1309 523 1367 neque
538 1288 686 1350 tenuiores
705 1301 825 1367 propter
843 1290 1040 1352 humilitatem
1057 1291 1181 1351 circum·

131 1387 286 1448 veniantur
299 1407 396 1465 neque
417 1386 615 1464 locupletibus
634 1387 674 1446 ad
694 1405 749 1446 sua
766 1388 814 1448 vel
832 1388 963 1449 tenenda
980 1390 1027 1449 vel
1047 1408 1181 1466 recuper-

130 1487 210 1546 anda
223 1484 301 1546 obsit
318 1483 438 1557 invidia,
452 1495 604 1561 praeterea
621 1483 860 1561 quibuscumque
880 1486 969 1545 rebus
983 1487 1031 1545 vel
1048 1485 1119 1546 belli
1132 1487 1180 1547 vel

131 1581 214 1643 domi
227 1592 373 1659 potemnt,
385 1601 448 1642 rem
457 1580 608 1659 publicam
617 1593 744 1659 augeant
754 1581 880 1659 imperio
890 1582 965 1661 agris
978 1583 1176 1662 vectigalibus.

132 1683 220 1740 Haec
239 1697 414 1757 magnorum
434 1677 591 1738 hominum
612 1688 689 1751 sunt,
711 1678 787 1738 haec
806 1679 887 1756 apud
908 1679 1035 1741 maiores
1061 1691 1178 1740 nostros
1193 1703 1221 1753 15

129 1774 270 1847 factitata,
284 1775 358 1834 haec
371 1792 480 1851 genera
497 1772 662 1834 officiorum
677 1773 729 1850 qui
742 1786 954 1851 persequentur
978 1795 1048 1835 cum
1062 1794 1179 1835 summa

79 1933 82 1941 ,
129 1870 255 1931 utilitate
275 1870 317 1931 rei
336 1869 473 1948 publicae
494 1888 634 1947 magnam
655 1869 711 1948 ipsi
724 1869 925 1948 adipiscentur
944 1880 975 1932 et
995 1871 1119 1950 gratiam
1147 1884 1178 1933 et

120 1968 261 2045 gloriam.

156 2095 211 2137 em
243 2095 269 2137 ,f
304 2108 344 2137 0„
441 2065 488 2124 86.
520 2066 558 2124 In
571 2063 728 2127 hisautem
742 2065 902 2126 utilitatum
915 2065 1079 2144 praeceptis
1094 2067 1177 2128 Anti·

130 2145 345 2239 }{ssfflfflbfflssffi
382 2170 465 2238 pater
491 2160 598 2239 Tyrius
629 2147 754 2236 Stoicus,
780 2162 832 2240 qui
857 2162 984 2223 Athenis
1011 2182 1108 2241 nuper
1131 2176 1176 2224 est
1190 2185 1221 2220 20

129 2247 197 2338 ffisss
218 2260 342 2339 ,00320‘532
380 2269 522 2331 mortuus,
537 2260 599 2318 duo
613 2259 770 2334 praeterita
782 2270 883 2320 censet
903 2279 967 2320 esse
986 2279 1005 2320 a
1023 2260 1175 2332 PanaetiO,

88 2429 90 2432 v
128 2347 210 2388 W&
378 2354 555 2416 valetudinis
570 2354 754 2416 curationem
772 2369 802 2416 et
820 2356 979 2434 pecuniae:
1000 2376 1074 2433 quas
1093 2377 1176 2418 resa

128 2473 246 2515 summo
268 2452 446 2532 philosopho
469 2453 639 2531 praeteritas
666 2454 798 2528 arbitror,
821 2455 904 2531 quod
930 2465 1031 2514 essent
1057 2455 1176 2532 faciles;

127 2562 196 2612 sunt
209 2562 288 2612 certe
302 2550 398 2611 utiles.
440 2551 500 2611 Sed
513 2551 654 2610 valetudo
668 2561 848 2612 sustentatur
861 2550 967 2611 notitia
985 2551 1030 2612 sui
1043 2552 1174 2629 corporis

126 2660 157 2710 et
182 2647 397 2722 observatione,
421 2666 567 2724 quaeres
591 2657 642 2708 aut
669 2650 810 2725 prodesse
837 2650 952 2709 soleant
980 2658 1032 2711 aut
1058 2650 1172 2722 obesse,
1188 2676 1217 2724 25

127 2757 157 2808 et
171 2744 355 2809 continentia
374 2744 405 2804 in
423 2744 504 2805 victu
517 2744 601 2805 omni
614 2754 705 2822 atque
717 2748 800 2807 cultu
818 2746 949 2823 corp'oris
963 2746 1067 2808 tuendi
1085 2766 1175 2807 causa

127 2838 393 2921 praetermittendis
415 2838 626 2916 voluptatibus,
648 2851 799 2917 postremo
822 2851 886 2903 arte
912 2861 1024 2916 eorum,
1049 2862 1174 2921 quorum

128 2940 167 3001 ad
181 2935 335 2999 scientiam
349 2936 424 2997 haec
440 2933 596 3013 pertinent
641 2938 689 3012 87.
711 2938 774 2996 Res
787 2947 890 2997 autem
905 2937 1055 3000 familiaris
1074 2940 1174 3018 quaeri

127 3035 218 3096 debet
244 3033 280 3094 iis
306 3035 403 3108 rebus,
424 3053 443 3094 a
470 3033 577 3111 quibus
599 3035 683 3096 abest
703 3036 1053 3113 turpitudo,‘conservari
1073 3050 1173 3099 autem

127 3129 279 3210 diligentia
291 3140 323 3192 et
340 3130 528 3208 parsimonia,
543 3131 657 3193 eisdem
674 3132 765 3193 etiam
785 3135 874 3196 rebus
892 3134 998 3213 augeri
1042 3138 1109 3197 Has
1127 3155 1173 3197 res
1187 3160 1219 3209 30

127 3227 369 3290 commodissime
382 3228 554 3306 Xenophon
568 3228 733 3290 Socraticus
746 3241 919 3308 persecutus
933 3243 978 3293 est
991 3231 1023 3291 in
1037 3251 1074 3294 eo
1087 3233 1171 3307 libro,

127 3325 179 3404 qui
194 3323 440 3388 ‘Oeconomicus'
453 3323 628 3399 inscribitur,
644 3345 734 3403 quem
754 3347 820 3401 nos,
835 3326 892 3388 ista
907 3329 968 3390 fere
988 3340 1084 3390 aetate
1103 3349 1173 3391 cum

48 3480 54 3494 ,
126 3442 266 3498 essemus,
287 3440 347 3502 qua
364 3439 397 3484 es
415 3431 449 3482 tu
469 3440 559 3497 nunc,
577 3441 595 3484 e
613 3423 729 3484 Graeco
748 3421 780 3484 in
800 3423 942 3494 Latinum
962 3425 1170 3488 convertimus.

190 3684 203 3728 4
219 3664 291 3715 verba
302 3679 359 3714 curn
369 3661 447 3728 ipsius
457 3661 583 3721 intererat,
594 3667 648 3712 turn
659 3662 776 3714 insonant
785 3665 873 3715 codices
883 3665 1026 3729 interpolati
1035 3672 1093 3730 post
1106 3668 1173 3732 cogi.

122 3753 187 3795 rarat
211 3750 221 3803 ΙΙ
246 3744 375 3810 6peccare
388 3743 486 3793 seclusit
498 3743 540 3792 Ba
554 3748 652 3794 auctore
665 3742 747 3795 Bakr'o
768 3748 778 3804 ll
801 3742 833 3794 26
847 3759 921 3796 causa
936 3744 1173 3810 [praetermittendis

28 3871 35 3883 ,
108 3825 296 3888 voluptatibus]
301 3827 349 3881 Ba
356 3825 443 3878 Mine
451 3826 505 3879 Mu
564 3877 568 3882 ,
