2580 4184
116 2296 157 2347 tx

165 182 202 242 11
218 197 254 241 rx
268 176 321 262 32]
520 187 549 240 et
566 180 709 240 canaam
728 180 789 238 eius
808 185 883 238 metu
1186 195 1220 253 71

163 345 249 425 iique
268 346 326 425 ipsi
345 345 405 406 iam
425 356 558 408 extrema
578 346 689 406 scelera
708 353 884 418 metuentes,
899 362 963 403 rem
982 360 1053 402 vero
1073 340 1224 419 publicam

164 443 286 522 penitus
299 441 461 504 amisimus.
497 444 597 518 Atque
611 440 643 500 in
656 442 710 502 has
724 441 824 502 clades
838 437 1224 500 incidimus-redeundum

165 551 215 602 est
234 540 315 602 enim
335 541 376 602 ad
394 539 695 618 propositum-dum
716 536 809 599 metui
823 557 914 615 quam
932 534 992 596 cari
1010 554 1075 596 esse
1094 546 1124 596 et
1143 534 1225 613 diligi

166 639 324 698 malumus.
378 637 464 712 Quae
491 634 516 696 si
543 637 655 713 populo
683 637 825 695 Romano
856 632 964 693 iniuste
996 630 1152 708 imperanti
1178 650 1225 691 ac-

167 733 269 795 cidere
295 743 463 811 potuerunt,
492 731 566 809 quid
596 732 708 792 debent
736 742 840 808 putare
867 727 994 806 singuli?
1035 728 1128 803 Quod
1154 746 1224 788 curn
1254 754 1267 802 5

422 829 612 908 perspicuum
643 828 681 888 sit
713 826 937 890 benevolentiae
963 824 1024 885 vim
1054 843 1119 885 esse
1146 843 1224 903 mag-

168 905 386 1005 „ffiffl‘ffi
422 944 500 998 nam,
521 935 618 984 metus
639 923 817 997 inbecillam,
831 920 963 998 sequitur
983 931 1016 980 ut
1036 919 1214 980 disseramus

168 1007 298 1050 ΨΜ
419 1019 527 1096 quibus
559 1020 647 1080 rebus
679 1017 817 1079 facillime
848 1016 995 1094 possimus
1027 1034 1095 1074 eam
1132 1033 1223 1091 quam

194 1072 231 1115 All
245 1073 301 1114 alike
318 1071 381 1114 stand

168 1123 265 1225 gignet?
280 1123 381 1223 ofdgffsf
418 1119 556 1178 volumus
590 1115 714 1193 adipisci
741 1135 811 1174 cum
838 1115 952 1174 honore
979 1122 1010 1173 et
1037 1113 1097 1171 fide
1121 1110 1223 1172 carita-

168 1223 382 1325 mmm
419 1226 488 1276 tem
532 1233 580 1290 30.
610 1215 670 1274 Sed
691 1231 728 1274 ea
750 1231 811 1273 non
835 1211 942 1289 pariter
964 1229 1068 1270 omnes
1092 1229 1222 1288 egemus:
1239 1243 1266 1277 10

168 1323 385 1426 fficiffi‘ffir‘tissd
420 1331 491 1373 nam
535 1313 576 1372 ad
609 1312 754 1387 cuiusque
785 1308 877 1369 vitam
910 1307 1074 1368 institutam
1107 1328 1223 1369 accom-

167 1424 239 1484 feupv
260 1425 354 1475 erema,
419 1409 605 1469 modandum
626 1419 680 1480 est,
694 1428 713 1468 a
726 1407 866 1468 multisne
887 1425 962 1484 opus
982 1405 1020 1465 sit
1038 1424 1077 1463 an
1096 1405 1165 1465 satis
1184 1405 1222 1466 sit

168 1474 384 1567 diffdffiffl
420 1524 439 1566 a
458 1505 561 1583 paucis
582 1503 673 1582 diligi.
716 1505 839 1565 Certum
855 1502 942 1580 igitur
960 1504 1019 1564 hoc
1036 1502 1074 1563 sit
1087 1502 1178 1579 idque
1192 1515 1222 1565 et

168 1575 325 1628 mmm
421 1602 549 1680 primum
570 1612 601 1662 et
621 1620 759 1661 maxume
784 1599 989 1674 necessarium,
1011 1599 1221 1661 familiaritates

168 1697 279 1758 habere
287 1698 362 1758 fidas
373 1699 537 1759 amantium
551 1718 606 1759 nos
617 1698 781 1758 amicorum
792 1709 821 1758 et
832 1709 932 1759 nostra
946 1697 1129 1758 mirantium:
1147 1699 1221 1759 haec
1236 1725 1262 1771 15

167 1793 249 1856 enim
262 1815 325 1856 una
341 1815 397 1867 rea
406 1816 524 1874 prorsus
547 1807 581 1856 ut
602 1815 663 1856 non
682 1797 810 1854 multum
825 1795 940 1855 differat
955 1794 1031 1856 inter
1044 1815 1177 1856 summos
1191 1806 1221 1856 et

168 1890 328 1951 mediocris
341 1891 428 1967 viros,
444 1912 539 1969 aeque
553 1892 686 1969 utrisque
709 1904 754 1954 est
780 1893 998 1971 propemodum
1012 1893 1219 1969 comparanda.

168 2006 215 2063 31.
234 1989 362 2049 Honore
375 1999 405 2050 et
418 1989 511 2067 gloria
525 2001 555 2051 et
571 1988 776 2050 benevolentia
790 1988 899 2048 civium
913 1990 1035 2048 fortasse
1052 2008 1113 2049 non
1127 2008 1221 2065 aeque

168 2101 274 2143 omnes
289 2094 386 2162 egent,
409 2084 463 2144 sed
484 2095 594 2155 tamen,
616 2083 641 2143 si
661 2083 711 2143 cui
731 2084 805 2144 haec
826 2094 995 2160 suppetunt,
1010 2083 1152 2144 adiuvant
1171 2084 1221 2144 ali-

168 2188 315 2254 quantum
330 2197 399 2238 cum
414 2178 454 2239 ad
468 2190 566 2238 cetera
578 2190 643 2238 tum
657 2180 697 2238 ad
710 2177 852 2238 amicitias
866 2179 1088 2256 comparandas.
1233 2207 1264 2241 20

483 2277 544 2336 Sed
567 2276 606 2336 de
630 2274 760 2334 amicitia
783 2274 842 2334 alio
866 2275 941 2335 llbro
965 2275 1146 2336 dictumest
1169 2273 1220 2351 qui

196 2349 227 2442 (ἐξ
241 2349 367 2443 οᾷῗζῗζῖ·
423 2370 590 2433 inscribitur
612 2372 736 2432 Laelius.
781 2373 872 2432 Nunc
886 2372 1020 2432 dicamus
1039 2373 1077 2432 de
1098 2371 1219 2449 gloria,

423 2487 605 2545 quamquam
628 2486 665 2529 ea
686 2486 807 2545 quoque
834 2469 873 2528 de
900 2487 931 2528 re
954 2469 1015 2528 duo
1039 2480 1107 2529 sunt
1128 2467 1221 2529 nostri

172 2561 245 2636 libri,
267 2565 322 2625 sed
342 2563 528 2644 attingamus,
551 2565 672 2643 quando
694 2564 816 2641 quidem
838 2585 874 2626 ea
898 2565 928 2624 in
953 2567 1041 2626 rebus
1061 2565 1220 2627 maioribus

171 2660 412 2722 administrandis
436 2662 557 2723 adiuvat
580 2663 747 2740 plurimum.
790 2663 912 2722 Summa
936 2661 1022 2740 igitur
1042 2674 1072 2724 et
1092 2665 1221 2740 perfecta
1232 2686 1262 2733 25

171 2756 264 2835 gloria
283 2769 400 2819 constat
421 2779 458 2819 ex
478 2759 571 2819 tribus
592 2759 656 2820 his:
681 2758 706 2818 si
725 2757 819 2835 diligit
838 2757 1005 2833 multitudo,
1021 2758 1046 2818 si
1065 2761 1156 2820 fidem
1172 2761 1222 2820 ha·

171 2853 230 2927 bet,
246 2851 271 2913 si
291 2873 361 2913 cum
382 2855 576 2917 admiratione
591 2857 720 2933 quadam
741 2856 854 2914 honore
875 2854 981 2931 dignos
998 2866 1090 2932 putat
1134 2858 1221 2917 Haec

171 2960 281 3023 autern,
303 2950 328 3011 si
348 2963 393 3012 est
413 2952 585 3030 simpliciter
608 2952 792 3028 breviterque
814 2952 984 3026 dicendum,
1006 2953 1114 3029 quibus
1134 2955 1221 3015 rebus

171 3047 324 3125 pariuntur
337 3068 356 3109 a
369 3049 499 3127 singulis,
514 3050 629 3111 eisdem
647 3052 707 3110 fere
726 3069 744 3109 a
762 3048 959 3110 multitudine.
1002 3050 1062 3110 Sed
1082 3061 1127 3111 est
1147 3051 1221 3111 alius

172 3163 293 3222 quoque
317 3145 440 3222 quidam
467 3146 565 3208 aditus
589 3149 629 3207 ad
653 3146 883 3220 multitudinem,
906 3157 939 3206 ut
962 3145 994 3206 in
1018 3146 1220 3209 universorum
1233 3164 1264 3213 30

359 3287 365 3300 .
423 3242 538 3304 animos
566 3254 718 3320 tamquam
746 3243 867 3303 influere
893 3242 1048 3321 possimus.
1102 3263 1148 3319 32.
1175 3247 1221 3304 Ac

172 3291 383 3396 *domm
422 3337 552 3415 primum
580 3339 618 3398 de
638 3337 695 3397 illis
716 3337 817 3411 tribus,
840 3357 918 3415 quae
940 3349 1010 3400 ante
1031 3337 1100 3411 dixi,
1121 3339 1218 3399 beni-

173 3402 227 3437 uon
239 3405 263 3434 or
276 3392 339 3433 love.
422 3433 601 3496 velentiae
625 3446 783 3513 praecepta
802 3433 966 3504 videamus,
1002 3455 1079 3514 quae
1099 3437 1222 3514 quidem

218 3595 382 3659 4maluimus
393 3594 466 3644 ZBo
477 3595 514 3643 Be
523 3609 579 3642 cum
591 3609 641 3643 non
652 3593 731 3642 nullis
740 3593 804 3642 codol
842 3596 852 3651 ΙΙ
891 3606 919 3657 15
935 3593 1066 3658 vulgatum
1075 3594 1216 3648 haecenim

170 3680 209 3725 est
221 3689 271 3724 una
288 3689 438 3738 res...eaque
455 3673 565 3737 utrisque
581 3679 618 3722 est
633 3679 681 3721 etc·
696 3677 797 3720 servant
811 3673 851 3721 Zu
865 3671 909 3730 Or,
923 3688 1001 3737 eaque
1015 3689 1094 3739 aeque
1105 3676 1215 3741 utrisque

169 3770 232 3804 cm.
246 3756 277 3803 St
310 3758 320 3812 11
357 3769 386 3803 ar
404 3753 477 3803 verba
490 3756 533 3817 qui
544 3752 685 3802 inscribitur
699 3751 799 3802 Laelius
811 3759 868 3818 post
883 3753 1047 3805 Gulielmium
1061 3763 1107 3822 pro
1123 3757 1217 3823 sparus

163 3834 391 3895 babetffaqmpra
399 3834 451 3882 alio
459 3834 527 3883 libro
537 3834 650 3902 requirit
659 3852 690 3888 eo
702 3836 777 3902 libro,
791 3837 961 3892 salustium
973 3839 1060 3893 Helue
