2580 4184
144 169 182 229 72
587 153 638 212 De
650 154 746 230 glorio
1037 148 1084 234 [ΙΙ
1101 169 1136 212 rx
1151 163 1189 230 33

141 321 254 401 capitur
266 321 418 384 beneficiis
431 321 573 395 maxime;
592 322 725 382 secundo
738 332 839 382 autem
852 324 920 383 loco
934 324 1087 384 voluntate
1101 323 1190 384 bene·

141 419 199 479 fica
212 417 417 479 benevolentia
430 430 574 491 movetur,
590 417 714 480 etiamsi
727 439 774 480 res
783 419 858 479 forte
872 438 933 479 non
952 418 1099 495 suppetit;
1142 439 1190 480 ve·

142 516 296 576 hementer
313 524 414 575 autem
432 533 516 574 amor
534 513 730 574 multitudinis
751 524 956 574 commovetur
976 513 1041 590 ipsa
1061 516 1141 574 lama
1160 526 1190 576 et

144 609 285 686 opinione
304 609 485 670 liberalitatis
513 609 735 683 beneficentiae,
754 609 882 670 iustitiae
906 609 975 671 fidei
996 610 1190 687 omniumque

143 726 243 767 earum
256 705 406 779 virtutum,
421 724 498 781 quae
518 705 665 782 pertinent
686 708 726 766 ad
745 707 1005 767 mansuetudinem
1024 726 1141 768 morum
1154 727 1190 768 ac
1218 731 1233 778 ⁵

142 802 320 863 facilitatem.
363 801 482 862 Etenim
503 801 576 862 illud
597 800 792 879 ipsumquod
810 804 969 864 honestum
987 805 1190 881 decommque

143 899 277 974 dicimus,
296 899 366 977 quia
385 918 439 977 per
458 920 490 961 se
510 899 597 960 nobis
617 902 715 978 placet
735 900 909 978 animosque
930 900 1065 962 omnium
1086 913 1191 963 natura

142 1009 173 1060 et
200 997 298 1077 specie
326 1016 380 1058 sua
406 1007 576 1059 commovet
610 997 798 1075 maximeque
822 997 906 1074 quasi
932 999 1065 1075 perlucet
1090 1018 1128 1060 ex
1154 998 1196 1070 iis,

143 1115 216 1172 quas
248 1093 488 1170 commemoravi,
507 1093 671 1168 virtutibus,
700 1093 811 1155 idcirco
841 1093 915 1168 illos,
944 1093 975 1154 in
1003 1094 1111 1171 quibus
1139 1114 1189 1155 eas

123 1193 262 1274 'virtutes
289 1211 354 1252 esse
381 1210 488 1263 remur,
509 1209 528 1250 a
547 1201 651 1251 natura
674 1190 739 1267 ipsa
762 1190 883 1267 diligere
906 1189 1047 1268 cogimur.
1089 1193 1189 1268 Atque
1205 1215 1232 1251 ιο

142 1288 199 1348 hae
213 1286 335 1363 quidem
354 1305 460 1346 causae
479 1284 622 1362 diligendi
639 1284 826 1363 gravissimae
835 1305 845 1359 ;
868 1297 994 1362 possunt
1009 1284 1090 1348 enim
1107 1305 1190 1364 prae-

392 1392 472 1442 terea
485 1401 546 1442 non
560 1383 659 1443 nullae
670 1401 735 1443 esse
745 1381 877 1442 leviores.
909 1401 956 1458 33.
973 1381 1078 1443 Fides
1088 1394 1188 1443 autem

167 1481 194 1533 (bl
212 1481 350 1524 novumn
392 1489 426 1540 ut
439 1479 582 1539 habeatur
598 1478 714 1538 duabus
727 1478 815 1538 rebus
829 1477 906 1538 effici
920 1489 1036 1556 potest:
1056 1477 1081 1538 si
1094 1478 1190 1540 existi·

141 1533 350 1576 consideamus

141 1591 184 1674 m>
200 1590 352 1683 ffioemsspg
390 1576 537 1637 mabimur
560 1574 661 1653 adepti
682 1573 874 1635 coniunctam
898 1595 969 1634 cum
990 1573 1102 1635 iustitia
1123 1595 1189 1653 pru·

142 1681 290 1742 Ρτυᾴευοοιρῐ
293 1682 352 1723 these
390 1671 530 1735 dentiam.
573 1673 653 1731 Nam
667 1682 697 1731 et
709 1670 745 1730 iis
759 1672 851 1731 fidem
865 1671 1017 1745 habemus
1033 1690 1108 1748 quos
1121 1673 1188 1748 plus
1202 1696 1229 1746 15

140 1731 224 1830 iiiii?
261 1745 280 1774 ι’
316 1731 352 1774 ²¹¹⁶
392 1770 560 1848 intellegere
588 1788 678 1845 quam
710 1788 765 1829 nos
795 1769 969 1830 arbitramur
995 1788 1131 1847 quosque
1158 1781 1188 1832 et

392 1869 488 1928 sutura
507 1867 674 1946 prospicere
694 1867 843 1928 credimus
872 1878 911 1941 et,
930 1887 999 1928 cum
1019 1888 1065 1929 res
1086 1879 1189 1947 agatur

142 1965 173 2027 in
197 1964 415 2042 discrimenque
438 1974 560 2025 ventum
588 1963 634 2036 sit,
657 1963 796 2041 expedire
822 1984 886 2024 rem
910 1975 939 2026 et
966 1964 1124 2025 consilium
1151 1985 1188 2026 ex

141 2074 275 2140 tempore
301 2080 407 2140 capere
433 2080 538 2139 posse:
572 2061 651 2119 hanc
678 2059 759 2121 enim
787 2059 890 2121 utilem
917 2059 1054 2122 homines
1080 2060 1188 2122 existu-

140 2170 223 2221 mant
236 2179 395 2236 veramque
412 2157 608 2237 prudentiam.
652 2158 741 2219 Iustis
754 2169 855 2220 autem
873 2171 903 2221 et
921 2159 988 2221 fidis
1006 2160 1186 2234 hominibus,
1199 2195 1230 2230 ,ο

141 2254 174 2316 id
201 2267 246 2318 est
276 2256 362 2317 bonis
396 2255 473 2329 viris,
502 2255 544 2316 ita
570 2257 644 2315 fides
671 2255 802 2330 habetur,
837 2266 870 2316 ut
903 2258 985 2316 nulla
1015 2255 1053 2316 sit
1086 2255 1118 2316 in
1152 2257 1187 2317 iis

140 2352 251 2414 fraudis
284 2351 465 2428 iniuriaeque
500 2349 636 2429 suspicio.
675 2352 780 2428 Itaque
813 2350 860 2412 his
894 2353 1018 2412 salutern
1045 2363 1185 2426 nostram,

140 2449 187 2510 his
207 2450 346 2523 fortunas,
365 2448 411 2508 his
430 2448 547 2522 liberos,
567 2446 728 2508 rectissime
748 2447 894 2509 committi
914 2448 1093 2511 arbitramur.
1138 2468 1185 2525 34

140 2547 259 2606 Hamm
278 2544 366 2623 igitur
385 2546 510 2605 duarum
528 2544 567 2603 ad
586 2529 677 2603 fidem
695 2543 862 2604 faciendam
880 2543 989 2605 iustitia
1003 2547 1069 2622 plus
1083 2547 1184 2622 pollet,

138 2642 249 2721 quippe
270 2661 340 2702 curn
362 2660 398 2702 ea
419 2640 483 2701 sine
505 2639 663 2717 prudentia
683 2640 753 2701 satis
774 2642 882 2702 habeat
906 2642 1085 2703 auctoritatis
1091 2666 1100 2719 3
1121 2664 1187 2722 pru·
1199 2673 1228 2724 25

139 2739 240 2799 dentia
253 2737 316 2798 sine
330 2736 439 2798 iustitia
454 2736 526 2796 nihil
540 2739 618 2798 valet
631 2737 670 2797 ad
687 2738 854 2799 faciendam
873 2740 972 2800 fidem.
1016 2741 1086 2815 Quo
1104 2740 1185 2801 enim

138 2834 204 2913 quis
226 2832 369 2896 versutior
391 2843 422 2894 et
445 2832 580 2894 callidior
600 2844 654 2908 est,
677 2834 736 2894 hoc
759 2833 880 2895 invisior
903 2845 932 2895 et
953 2835 1115 2912 suspectior
1136 2838 1185 2898 de·

138 2941 231 2994 tracta
264 2929 404 3008 opinione
439 2928 600 3008 probitatis.
664 2931 764 3006 Quam
798 2932 838 2992 ob
870 2952 934 2992 rem
968 2931 1184 3011 intellegentiae

138 3026 249 3088 iustitia
267 3026 426 3087 coniuncta
442 3036 586 3103 quantum
605 3026 684 3087 volet
704 3026 826 3086 habebit
846 3027 886 3087 ad
906 3025 1073 3088 faciendam
1093 3030 1184 3089 tidem

138 3123 243 3184 virium
247 3143 258 3197 5
273 3122 383 3184 iustitia
396 3121 459 3183 sine
472 3121 629 3200 prudentia
642 3124 769 3182 multum
782 3122 899 3201 poterit,
912 3123 974 3185 sine
988 3124 1099 3185 iustitia
1110 3124 1184 3184 nihil
1197 3141 1228 3190 30

101 3225 128 3277 X
388 3218 498 3279 valebit
517 3219 683 3297 prudentia.
724 3234 771 3296 35.
794 3220 853 3280 Sed
872 3219 991 3296 nequis
1009 3220 1046 3280 sit
1062 3220 1185 3281 admira·

140 3291 186 3340 (not
196 3292 242 3334 that
252 3291 303 3344 they
314 3305 351 3334 are
620 3314 626 3327 ·
873 3316 878 3327 ·

138 3343 206 3394 „any
225 3343 311 3385 distinct
331 3342 353 3385 in
388 3325 435 3375 tus
453 3334 514 3389 cur,
529 3334 599 3374 cllm
617 3324 694 3376 lniel'
712 3334 816 3375 omnes
829 3316 1023 3393 phllosophOS
1036 3327 1185 3378 consteia

188 3514 200 3552 r
223 3502 331 3552 secundo
352 3509 435 3552 autem
456 3502 521 3564 loco,
540 3503 616 3554 etiam
638 3503 659 3554 si
679 3519 719 3554 res
740 3503 804 3554 sorte
824 3519 875 3553 non
889 3504 1007 3569 suppetit,
1025 3504 1185 3556 veliementer

135 3583 356 3646 amorSauppeBa
366 3584 447 3632 Heine
451 3599 464 3644 ;
478 3592 560 3634 autem
566 3590 624 3648 post
632 3584 790 3634 vehementer
799 3601 838 3634 om
849 3586 924 3634 coda
991 3589 1001 3643 ΙΙ
1069 3588 1184 3638 soverba

134 3670 160 3713 et
171 3662 227 3712 fidis
240 3665 388 3712 secluserunt
401 3665 442 3713 Ba
457 3665 542 3724 Heine,
557 3665 628 3715 iustis
643 3673 726 3716 autem
737 3665 887 3727 hominibus,
899 3665 926 3716 id
942 3672 979 3715 est
995 3665 1076 3720 bonis.
1087 3668 1182 3718 Faccio·

133 3745 206 3803 latus,
220 3742 290 3792 iustis
305 3751 396 3803 autem,
414 3743 440 3793 id
458 3751 502 3805 est,
515 3744 588 3796 bonis
598 3744 658 3795 viris
668 3744 784 3796 Peorct'us
850 3749 861 3806 l
929 3744 960 3794 26
975 3745 1042 3796 valet
1052 3748 1094 3799 Ba
1104 3749 1185 3800 Helm

105 3823 315 3887 Mammea,
332 3825 415 3878 valeat
427 3827 502 3879 erl
