2580 4184
155 173 213 232 108
412 172 468 232 ‘De
484 172 652 233 contentrhne
669 171 838 231 Honestt‘et
862 171 949 232 Utilis
1008 168 1199 251 [IIIv1u35

153 337 234 398 tiam.
277 335 469 414 Hancigitur
489 347 604 414 partem
622 335 754 396 relictam
773 336 957 414 explebimus
974 335 1062 396 nullis
1081 335 1207 397 admini-

152 433 237 504 culis,
259 433 322 505 sed,
344 444 377 493 ut
398 431 515 506 dicitur,
539 433 637 492 Marte
658 444 769 493 nostro.
812 434 920 510 Neque
941 431 1022 492 enirn
1043 432 1205 510 quicquam

152 540 199 590 est
222 531 261 589 de
284 529 342 589 hac
365 540 448 606 parte
470 538 538 606 post
566 528 741 588 Panaetium
764 529 952 606 explicatum,
975 531 1059 606 quod
1081 529 1205 606 quidem

153 625 227 685 mihi
240 626 420 703 probaretur,
436 625 475 686 de
489 623 524 685 iis
539 643 615 702 quae
630 623 661 683 in
675 643 782 684 manus
795 644 877 686 meas
891 624 1033 686 venerint

71 721 141 773 VIII
189 752 256 794 M
271 752 317 795 th„
466 738 514 798 35.
539 723 618 782 Cum
637 720 724 799 igitur
744 720 844 798 aliqua
867 721 981 798 species
1000 721 1133 783 utilitatis
1155 722 1205 784 oh
1233 745 1248 795 5

153 803 252 904 {1¹¹¹}ss
260 803 371 896 Ἃᾞζζ
405 815 482 878 iecta
496 827 550 891 est,
566 815 748 878 commoveri
767 836 889 878 necesse
907 828 961 878 est.
1005 819 1065 879 Sed
1086 817 1119 890 si,
1135 837 1205 878 cum

154 903 184 944 δε
198 903 281 954 mul
293 917 368 956 ‘¹¹²⁸'
406 912 540 974 animum
553 912 723 987 attenderis,
739 913 954 990 turpitudinem
968 913 1069 974 videas
1083 913 1206 973 adiunc-

154 953 369 1004 dieunandwhar-

154 1018 215 1045 Μ’
242 1005 263 1046 ³⁵
296 1005 366 1055 ¹³⁸*st
405 1022 467 1072 tam
481 1010 509 1072 ei
523 1011 574 1084 rei,
589 1031 666 1089 quae
681 1011 813 1088 speciem
827 1011 960 1072 utilitatis
981 1010 1118 1086 attulerit,
1139 1023 1204 1071 tum

153 1053 307 1156 wlizi?
336 1056 367 1098 ue
404 1126 466 1167 non
481 1106 590 1167 utilitas
605 1106 800 1183 relinquenda
818 1118 871 1180 est,
886 1108 941 1167 sed
961 1106 1204 1185 intellegendum,

153 1200 204 1261 ubi
225 1201 377 1279 turpitudo
400 1203 446 1278 sit,
461 1202 503 1264 ibi
521 1203 679 1264 utilitatem
696 1222 761 1264 esse
779 1222 840 1262 non
859 1221 954 1280 posse.
990 1202 1081 1280 Quod
1092 1202 1117 1262 si
1131 1203 1204 1263 nihil
1218 1229 1248 1265 ιο

151 1311 198 1359 est
218 1309 279 1359 tam
300 1312 404 1362 contra
424 1312 559 1362 naturam
579 1322 670 1379 quam
690 1295 965 1379 turpitudo-recta
984 1302 1064 1362 enim
1085 1314 1115 1363 et
1135 1322 1205 1364 con-

153 1395 303 1458 venientia
324 1410 354 1459 et
377 1399 546 1460 constantia
567 1411 672 1460 natura
700 1399 849 1460 desiderat
877 1411 1108 1477 aspernaturque
1135 1418 1205 1460 con-

153 1493 414 1572 traria-nihilque
435 1508 496 1556 tam
518 1497 685 1558 secundum
707 1507 842 1557 naturam
865 1515 957 1573 quam
984 1495 1102 1568 utilitas,
1124 1506 1203 1557 certe

153 1588 184 1648 in
203 1591 311 1650 eadem
334 1611 366 1651 re
390 1591 500 1652 utilitas
520 1604 549 1654 et
568 1592 721 1671 turpitudo
741 1612 885 1653 essenon
905 1603 1011 1669 potest
1054 1594 1202 1669 Itemque,

153 1685 179 1747 si
200 1689 239 1747 ad
261 1689 447 1750 honestatem
472 1689 534 1750 nati
558 1710 659 1751 sumus
683 1710 779 1768 eaque
800 1702 852 1750 aut
876 1691 939 1750 sola
960 1690 1128 1767 expetenda
1149 1701 1201 1763 est,
1218 1711 1246 1762 ¹5

153 1795 186 1842 ut
200 1784 314 1846 Zenoni
327 1785 424 1846 visum
439 1798 491 1860 est,
507 1798 559 1847 aut
577 1798 657 1848 certe
678 1787 761 1848 omni
781 1788 915 1865 pondere
933 1786 1048 1865 gravior
1063 1787 1204 1846 habenda

154 1901 245 1958 quam
264 1881 377 1959 reliqua
395 1882 505 1956 omnia,
521 1884 604 1959 quod
622 1882 774 1944 Aristoteli
791 1885 897 1960 placet,
913 1902 1034 1944 necesse
1050 1894 1104 1956 est,
1120 1884 1202 1960 quod

153 1978 313 2039 honestum
332 1979 378 2053 sit,
397 1978 429 2039 id
452 1999 516 2041 esse
537 1992 588 2040 aut
609 1982 706 2041 solum
727 1993 779 2041 aut
799 1999 949 2040 summum
970 1981 1098 2040 bonum:
1119 1980 1202 2057 quod

152 2086 253 2135 autem
271 2076 393 2150 bonum,
410 2075 443 2136 id
463 2089 542 2138 certe
562 2076 642 2151 utile,
661 2076 709 2151 ita,
720 2077 869 2154 quidquid
886 2078 1054 2150 honestum,
1070 2076 1102 2137 id
1119 2077 1199 2137 utile.

205 2238 210 2247 ,
250 2237 255 2247 ,
406 2174 453 2247 36.
476 2174 546 2247 Qua
559 2192 590 2233 re
604 2191 684 2233 error
697 2172 854 2233 hominum
872 2191 933 2232 non
947 2173 1116 2249 probomm,
1132 2191 1201 2231 cum
1215 2199 1245 2233 20

151 2237 372 2347 relssllliilllhsss
405 2268 527 2345 aliquid,
545 2271 629 2346 quod
650 2269 722 2330 utile
742 2269 838 2329 visum
859 2280 912 2342 est,
931 2269 1060 2347 arripuit,
1080 2270 1113 2329 id
1133 2289 1202 2330 con-

150 2347 270 2380 ΗΜ
404 2367 488 2428 tinuo
516 2368 642 2429 secernit
669 2369 707 2429 ab
735 2369 871 2428 honesto,
914 2368 998 2428 Hinc
1021 2368 1109 2443 sicae,
1132 2369 1202 2427 hinc

150 2481 275 2536 venena,
291 2463 361 2523 hinc
379 2465 452 2524 falsa
469 2475 646 2525 testamenta
668 2476 837 2538 nascuntur,
853 2465 924 2525 hinc
938 2468 1015 2525 surta
1038 2467 1200 2542 peculatus

151 2559 344 2635 expilationes
372 2559 611 2636 direptionesque
639 2561 786 2621 sociomm
812 2573 842 2622 et
870 2561 987 2634 civium,
1012 2563 1082 2621 hinc
1109 2581 1200 2638 opum

152 2654 317 2728 nimiarum,
339 2655 490 2733 potentiae
511 2676 573 2717 non
593 2659 741 2730 serendae,
763 2670 915 2734 postremo
935 2659 1025 2719 etiam
1047 2657 1078 2718 in
1103 2657 1200 2718 liberis
1213 2680 1243 2730 25

150 2751 317 2811 civitatibus
345 2752 488 2830 regnandi
521 2753 650 2814 existunt
677 2753 864 2832 cupiditates,
894 2754 1002 2832 quibus
1037 2753 1111 2814 nihil
1145 2774 1201 2815 nec

151 2847 271 2908 taetrius
298 2868 355 2908 nec
382 2850 499 2910 foedius
527 2850 689 2928 excogitari
717 2863 823 2928 potest.
881 2854 1093 2913 Emolumenta
1120 2850 1200 2910 enim

149 2964 246 3006 rerum
274 2945 427 3006 fallacibus
456 2945 573 3007 iudiciis
600 2947 713 3021 vident,
742 2968 871 3025 poenam
910 2968 971 3008 non
999 2948 1069 3008 dico
1091 2950 1199 3026 legum,

149 3063 241 3119 quam
262 3063 352 3121 saepe
375 3057 579 3123 perrumpunt,
603 3047 657 3106 sed
681 3046 772 3123 ipsius
797 3046 995 3124 turpitudinis,
1022 3066 1099 3123 quae
1123 3067 1201 3107 acer-

149 3141 270 3202 bissima
284 3154 336 3216 est,
352 3162 413 3202 non
434 3142 545 3204 vident
588 3159 635 3219 37.
660 3145 760 3218 Quam
782 3144 821 3204 ob
836 3163 899 3204 rem
919 3145 977 3203 hoc
991 3144 1114 3220 quidem
1129 3143 1199 3205 deli·
1212 3158 1243 3206 30

148 3238 316 3300 berantium
329 3259 422 3316 genus
439 3241 566 3315 pellatur
583 3260 600 3300 e
615 3240 802 3300 medio-est
817 3240 897 3300 enim
912 3251 1008 3301 totum
1023 3243 1198 3301 sceleratum

400 3345 430 3394 et
444 3334 618 3412 impium-,
630 3335 682 3412 qui
692 3337 857 3396 deliberant
875 3347 974 3396 utrum
986 3336 1018 3397 id
1028 3348 1197 3413 sequantur,

172 3405 244 3448 When
254 3419 282 3448 an
293 3405 362 3448 aetion
808 3433 814 3445 .
1105 3433 1112 3444 .

147 3455 360 3508 tscertaintywrong,
401 3434 484 3509 quod
508 3434 667 3494 honestum
695 3453 760 3493 esse
787 3435 916 3508 videant,
946 3453 984 3493 an
1012 3452 1044 3493 se
1071 3445 1198 3494 scientes

147 3506 164 3547 it
175 3507 192 3547 is
203 3508 296 3549 erimina}
308 3522 360 3549 even

147 3557 361 3600 „animm
402 3532 511 3592 scelere
532 3530 750 3607 contaminent;
770 3530 802 3590 in
824 3531 888 3609 ipsa
908 3531 989 3592 enim
1010 3530 1198 3592 dubitatione

197 3713 229 3764 ²9
244 3716 320 3765 quam
335 3669 383 3751 Ba
392 3701 474 3750 Heim
483 3702 525 3750 Lu
540 3703 570 3751 St
579 3718 634 3750 cum
650 3702 728 3759 codd„
746 3718 808 3767 quas
827 3703 880 3752 Or:
895 3702 966 3759 male,
985 3706 1055 3751 ‘cum
1071 3703 1131 3766 leges
1141 3711 1197 3767 per·

143 3789 308 3843 rumpuntur,
313 3784 491 3847 perrumpitur
499 3783 576 3832 etiam
582 3791 663 3848 poena
673 3785 765 3848 legibus
776 3782 919 3856 comtitufa'
931 3785 959 3833 Z.
973 3783 1073 3848 Confert
1080 3785 1199 3834 Baitem

129 3858 202 3907 erar.
208 3860 366 3922 starum
370 3880 538 3932 perrumpere
548 3867 706 3936 periculum
719 3867 789 3919 Verr.
798 3878 809 3919 1
818 3867 834 3930 h
842 3882 873 3932 13
880 3863 1205 3933 qmestiouesperrumpere
