2580 4184
152 166 210 222 104
417 151 468 212 De
483 152 650 214 modone
667 154 791 215 Honesti
807 160 835 215 et
858 155 946 216 totu
1040 153 1106 237 [111
1121 172 1142 214 v
1158 174 1194 234 23

149 333 211 378 non
232 328 415 396 repugnante
436 330 552 385 natura:
574 321 648 385 illud
669 335 774 385 natura
795 344 857 388 uon
877 323 995 403 patitur,
1010 337 1044 386 ut
1065 325 1190 385 aliorum

149 411 251 490 spoliis
269 424 382 475 nostras
401 415 563 490 facultates,
576 419 685 496 copias,
699 440 772 497 opes
794 441 960 499 augeamus
1006 443 1021 482 2
1025 442 1052 499 3.
1083 423 1192 499 Neque

149 539 367 601 tempnere-sot
400 532 471 575 vero
484 515 542 576 hoc
556 519 653 577 solum
667 529 780 592 natura,
794 519 827 580 id
844 531 888 580 est
908 519 969 580 iure
984 520 1126 598 gentium,
1141 518 1195 580 sed

149 592 350 644 summussos.
402 610 492 673 etiarn
525 613 639 691 legibus
666 617 853 692 populorum,
882 617 989 695 quibus
1017 616 1048 677 in
1076 615 1197 693 singulis

149 705 315 770 civitatibus
338 729 385 770 res
408 708 528 787 publica
549 709 726 784 continetur,
751 713 859 773 eodem
883 714 976 772 modo
999 703 1195 773 constitutum
1226 743 1241 793 5

148 815 203 877 est,
218 816 251 865 ut
265 823 326 865 non
339 805 426 866 liceat
440 805 487 867 sui
500 806 652 868 commodi
670 826 761 867 causa
773 827 881 869 nocere
894 808 984 869 alteri
1029 812 1101 869 Hoc
1114 807 1194 868 enim

146 911 284 978 spectant
304 903 392 980 leges,
413 903 473 963 hoc
491 903 604 974 volunt,
625 902 807 964 incolumem
827 922 893 966 esse
919 904 1028 966 civium
1055 904 1195 965 coniunc-

148 994 270 1072 tionem,
303 1016 393 1076 quam
420 998 472 1076 qui
493 998 643 1073 dirimunt,
664 1019 717 1060 eos
737 1012 833 1062 morte
852 1000 947 1073 exilio,
959 1000 1063 1061 vinclis
1084 1003 1195 1062 damno

400 1099 546 1158 coircent.
589 1100 688 1174 Atque
709 1098 767 1158 hoc
790 1098 885 1159 multo
906 1098 999 1176 magis
1019 1098 1108 1160 efficit
1129 1097 1193 1174 ipsa

148 1171 363 1275 seffilnssffiss
401 1207 523 1256 naturae
544 1195 627 1270 ratio,
645 1214 724 1273 quae
741 1207 785 1257 est
807 1198 855 1257 lex
871 1197 973 1257 divina
992 1209 1023 1258 et
1042 1197 1192 1257 humana:
1209 1219 1240 1254 ιο

147 1272 363 1375 ἓῑζςῖῑρζῗὲᾂῖξ
399 1292 450 1354 cui
475 1312 577 1371 parere
603 1293 656 1371 qui
682 1293 898 1356 velit—omnes
918 1308 1019 1356 autem
1038 1296 1192 1373 parebunt,

148 1373 362 1466 fflfflffi
400 1389 451 1467 qui
478 1391 643 1452 secundum
671 1401 804 1450 naturam
831 1392 933 1452 volent
959 1391 1195 1452 vivere-num·

148 1472 363 1566 ᾓῗξῖξιξξῇξρ
399 1506 491 1565 quam
524 1486 690 1563 committet
723 1497 757 1547 ut
790 1487 920 1548 alienum
947 1500 1068 1566 appetat
1094 1501 1125 1550 et
1152 1487 1193 1560 id,

148 1573 364 1666 {ffiffi’fifffi
401 1584 484 1661 quod
504 1582 588 1644 alteri
608 1583 774 1656 detraxerit,
790 1583 845 1644 sibi
859 1585 1005 1646 adsumat
1050 1605 1096 1658 24.
1126 1588 1194 1646 Ete

146 1674 364 1768 ffifg‘fflfi
401 1681 462 1742 nim
483 1679 690 1758 multomagis
709 1683 934 1742 estsecundum
948 1694 1083 1742 naturam
1097 1686 1235 1754 excel-15

146 1774 272 1826 “law
400 1778 470 1839 sitas
489 1776 581 1838 animi
598 1788 628 1838 et
647 1778 821 1856 magnitudo
839 1778 972 1857 itemque
986 1780 1119 1854 comitas,
1135 1781 1193 1842 ius·

145 1876 218 1950 titia,
238 1876 396 1938 liberalitas
415 1871 506 1954 quam
516 1877 661 1953 voluptas,
677 1894 767 1951 quam
778 1874 847 1946 vita,
862 1895 952 1952 quam
967 1877 1101 1938 divitiae:
1115 1899 1193 1956 quae

145 1973 268 2052 quidem
290 1985 481 2035 contemnere
502 1982 532 2033 et
554 1991 608 2049 pro
630 1971 723 2032 nihilo
745 1973 853 2032 ducere
876 1986 1099 2050 comparantem
1121 1994 1191 2036 cum

144 2070 271 2132 utilitate
289 2069 442 2131 communi
459 2067 670 2147 magnianimi
688 2079 718 2130 et
732 2067 841 2130 excelsi
854 2079 906 2130 est.
951 2068 1127 2152 [Detrahere
1140 2093 1191 2132 au·

144 2180 206 2230 tem
231 2170 269 2230 de
290 2171 382 2229 altero
403 2167 448 2229 sui
468 2165 619 2227 commodi
639 2186 729 2226 causa
752 2166 845 2245 magis
867 2179 911 2227 est
932 2181 1035 2229 contra
1055 2181 1189 2230 naturam
1203 2189 1234 2224 το

144 2286 235 2345 quam
256 2286 345 2339 mors,
360 2284 450 2343 quarn
472 2265 565 2336 dolor,
581 2282 671 2340 quam
685 2275 783 2323 cetera
802 2265 917 2341 generis
938 2265 1095 2348 eiusdem]
1141 2286 1187 2346 ²5·

145 2367 283 2443 Itemque
301 2365 394 2443 magis
412 2375 457 2425 est
476 2362 641 2424 secundum
658 2374 794 2422 naturam
811 2382 864 2440 pro
883 2364 1021 2426 omnibus
1041 2366 1188 2444 gentibus,

143 2462 170 2522 si
196 2462 259 2526 fieri
285 2462 387 2540 possit,
416 2459 625 2522 conservandis
652 2471 703 2520 aut
730 2459 866 2520 iuvandis
898 2462 1044 2523 maximos
1070 2465 1187 2524 labores

144 2557 353 2635 molestiasque
367 2557 514 2635 suscipere
528 2556 692 2616 imitantem
708 2558 870 2618 Herculem
885 2556 976 2632 illum,
992 2579 1081 2636 quem
1095 2560 1189 2621 homi·

144 2673 216 2714 num
226 2658 305 2714 sama
315 2653 524 2715 beneficiorum
536 2672 650 2713 memor
660 2653 690 2713 in
701 2653 828 2714 concilio
839 2654 1011 2714 caelestium
1021 2656 1186 2727 collocavit,
1201 2673 1230 2723 ²5

143 2769 234 2828 quam
255 2751 353 2811 vivere
374 2750 405 2810 in
427 2749 586 2811 solitudine
608 2769 670 2810 non
693 2750 785 2810 modo
807 2748 870 2810 sine
892 2751 958 2810 ullis
977 2753 1119 2812 molestiis
1133 2754 1186 2812 sed

142 2847 230 2908 etiam
245 2846 276 2907 in
290 2846 424 2907 maximis
437 2847 636 2925 voluptatibus
660 2847 861 2907 abundantem
881 2847 1018 2908 omnibus
1036 2849 1139 2925 copiis,
1154 2859 1186 2909 ut

141 2945 269 3004 excellas
282 2942 370 3004 etiam
385 2944 603 3021 pulchritudine
616 2955 647 3004 et
659 2943 776 3004 viribus
820 2944 968 3020 Quocirca
981 2944 1096 3021 optimo
1109 2944 1187 3022 quis-

141 3057 201 3116 que
215 3051 244 3100 et
258 3039 498 3117 splendidissimo
508 3040 627 3118 ingenio
641 3042 729 3118 longe
739 3040 819 3099 illam
833 3040 923 3100 vitam
938 3040 1007 3100 huic
1021 3041 1182 3118 anteponit

93 3156 96 3161 ·
142 3136 188 3195 Ex
203 3156 263 3214 quo
277 3135 401 3196 efficitur
419 3136 572 3197 hominem
586 3148 708 3197 naturae
721 3136 931 3197 oboedientem
945 3136 1060 3197 homini
1075 3157 1183 3199 nocere
1199 3150 1230 3198 30

167 3252 355 3295 nawmactson
393 3248 454 3290 non
468 3249 563 3307 posse.
607 3231 653 3288 26.
688 3229 814 3300 Deinde,
825 3229 876 3306 qui
892 3231 1016 3289 alterum
1034 3230 1132 3304 violat,
1152 3243 1185 3291 ut

139 3313 235 3395 ‘iffi‘
243 3303 355 3396 ξῗέξμᾶῗ
393 3325 456 3404 ipse
469 3327 582 3404 aliquid
595 3326 747 3387 commodi
765 3339 972 3403 consequatur,
987 3340 1037 3388 aut
1052 3328 1125 3389 nihil
1138 3348 1185 3389 ex·

139 3404 354 3497 ξίἒιξέΐᾶῗᾶῥῗκ
392 3423 501 3486 istimat
515 3425 656 3484 sefacere
670 3434 774 3484 contra
791 3435 925 3483 naturam
940 3436 991 3485 aut
1004 3425 1098 3502 magis
1111 3426 1184 3505 fugi·

188 3593 306 3648 suatum
322 3592 347 3637 et
363 3587 415 3636 iure
434 3587 472 3637 Or
487 3586 524 3636 Be
538 3585 628 3635 inoitz's
642 3584 707 3635 codd.
746 3587 756 3642 ΙΙ
794 3583 822 3636 ι6
845 3586 1009 3636 communitas
1028 3589 1052 3637 Z
1066 3589 1115 3637 alii
1128 3605 1183 3638 mm

139 3672 270 3722 nonnullis
281 3671 354 3731 codd,
375 3670 407 3735 cſs
429 3672 442 3732 ὅ
464 3672 509 3720 118
545 3673 556 3727 ll
594 3681 623 3731 19
646 3665 817 3733 Hmstngcrus
835 3677 919 3719 autem
940 3671 1048 3720 mutum‘t
1062 3671 1091 3720 in
1107 3688 1183 3736 ergo:

139 3758 217 3801 totum
226 3753 305 3801 locum
316 3751 443 3801 detrahere
452 3750 679 3800 autem...eiusdem
689 3751 786 3800 seclusit
796 3752 838 3800 Ba
849 3760 878 3801 ut
888 3753 923 3812 ιθ
935 3768 963 3802 21
974 3752 1139 3802 inculcatum:
1155 3755 1183 3802 in

122 3831 286 3890 mmmm
302 3838 435 3881 vacaverat
451 3832 505 3882 rom
526 3831 684 3884 Focciolotus
729 3835 741 3894 l
786 3848 817 3900 33
835 3832 955 3900 iuqienda
975 3834 1015 3883 Bu
1034 3834 1113 3884 Herm
1129 3851 1185 3883 cum

102 3905 286 3972 lll'qualcedd,
298 3913 450 3979 fugiendam
460 3917 539 3986 vulgo
548 3918 594 3970 Lu
607 3917 659 3968 Mu
