2580 4184
99 200 316 285 Ixxx11118]
378 210 502 265 naturae
518 208 749 268 commotionem
765 210 888 285 perterret
1116 232 1153 290 43

99 317 1154 341 ————————-—-——-—-

99 391 317 452 cnoreeoraprotes
353 371 403 431 alii
417 373 457 432 ad
470 374 670 450 eloquentiam
687 375 845 452 applicant,
861 377 1050 455 ipsarumque
1068 380 1156 441 virtu-

99 444 317 535 ῗὲἒῆξῗὲἲῶξῗέᾅῖᾆ
354 479 418 527 tum
431 468 463 529 in
476 469 538 572 aliq
546 470 626 529 alius'
634 474 745 535 mavult
759 474 909 533 excellere.
940 474 1075 547 Quorum
1085 496 1155 538 vero

100 543 195 584 fathers:
209 557 266 584 some
281 558 315 585 as·
592 567 598 578 ·
714 568 720 579 ·
864 569 870 581 ·
1004 571 1009 582 ·
1135 573 1152 586 ..

100 594 146 644 ptr,
161 602 183 633 ,ο
195 594 236 634 „5⁵0
250 594 317 636 ,bove
354 576 451 643 patres
472 578 522 626 aut
540 586 667 627 maiores
683 570 783 644 aliqua
798 570 891 645 gloria
903 583 1118 647 praestiterunt,
1133 594 1154 634 11

100 644 317 745 ξῗζῑοζοῗξζξοζοξξ
354 665 475 726 student
485 667 659 743 plerumque
670 669 778 727 eodem
786 668 817 726 in
831 682 938 745 genere
952 671 1048 730 laudis
1062 675 1157 732 excel·

100 743 161 786 Μ
352 767 421 830 lere,
452 775 485 823 ut
500 765 536 840 Q.
554 763 673 823 Mucius
688 766 720 822 P.
731 767 749 824 f.
760 765 792 824 in
806 765 867 826 iure
881 767 967 842 civili,
978 769 1063 827 Pauli
1078 769 1154 828 filius
1183 794 1197 844 5

99 860 258 922 Africanus
276 859 308 922 in
326 880 357 922 re
379 859 504 921 militari.
548 860 679 935 Quidam
700 873 801 922 autem
823 865 862 923 ad
884 883 934 924 eas
953 866 1064 937 laudes,
1080 885 1154 942 quas

99 976 118 1016 a
132 957 263 1034 patribus
281 969 467 1036 acceperunt,
482 959 597 1018 addunt
610 957 739 1034 aliquam
754 979 846 1032 suam,
861 972 894 1020 ut
912 961 961 1020 hic
980 961 1060 1021 idem
1079 963 1154 1022 Afri·

100 1073 193 1113 canus
207 1055 377 1131 eloquentia
390 1053 550 1114 cumulavit
564 1053 699 1114 bellicam
714 1054 844 1132 gloriam,
873 1054 955 1130 quod
979 1055 1059 1116 idem
1085 1058 1154 1118 fecit

100 1150 278 1211 Timotheus
306 1151 440 1213 Cononis
467 1151 552 1224 filius,
581 1149 641 1227 qui,
664 1170 734 1210 cum
754 1152 824 1212 belli
844 1154 933 1214 laude
954 1174 1015 1214 non
1035 1154 1155 1216 inferior

101 1247 205 1308 fuisset
232 1268 323 1325 quam
350 1260 441 1327 pater,
470 1249 509 1308 ad
540 1267 607 1308 eam
641 1249 760 1308 laudem
795 1250 946 1310 doctrinae
979 1262 1009 1312 et
1043 1251 1154 1329 ingenii
1169 1271 1198 1306 10

101 1344 226 1422 gloriam
253 1346 369 1407 adiecit.
413 1346 461 1406 Fit
488 1358 589 1405 autem
616 1345 763 1405 interdum
793 1359 824 1406 ut
852 1367 913 1408 non
942 1349 1015 1408 nulli
1043 1349 1153 1409 omissa

101 1441 268 1502 imitatione
297 1443 443 1504 maiorum
477 1461 563 1503 suum
592 1444 744 1520 quoddam
776 1443 942 1502 institutum
973 1464 1154 1522 consequan-

101 1551 157 1613 tur,
186 1540 375 1617 maximeque
401 1540 432 1600 in
456 1561 494 1601 eo
521 1543 694 1618 plerumque
729 1540 880 1601 elaborant
914 1541 944 1615 ii,
969 1541 1020 1618 qui
1047 1563 1154 1620 magna

102 1636 159 1698 sibi
185 1648 357 1714 proponunt
383 1636 516 1698 obscuris
544 1637 599 1696 orti
626 1635 793 1696 maioribus
844 1654 907 1711 117.
953 1640 1040 1698 Haec
1067 1638 1154 1715 igitur

102 1735 212 1808 omnia,
228 1755 296 1794 cum
311 1735 477 1812 quaerimus
491 1734 564 1811 quid
578 1736 691 1806 deceat,
706 1734 864 1810 complecti
880 1734 980 1796 animo
999 1747 1029 1795 et
1045 1736 1153 1813 cogita·
1169 1755 1195 1805 15

101 1834 184 1895 tione
198 1834 342 1894 debemus
349 1858 358 1911 3
389 1833 420 1893 in
445 1831 546 1910 primis
561 1816 660 1891 autem
674 1831 916 1891 constituendum
936 1843 989 1904 est,
1004 1852 1079 1909 quos
1098 1853 1153 1894 nos

353 1943 383 1992 et
403 1933 506 2007 quales
526 1948 591 1990 esse
611 1928 735 1988 velimus
754 1940 784 1988 et
804 1928 835 1987 in
855 1948 915 2006 quo
933 1950 1040 2007 genere
1058 1931 1153 1991 vitae:

126 2041 240 2101 Difficultu
295 2041 321 2082 os
354 2048 432 2106 quae
453 2027 625 2090 deliberatio
646 2038 691 2087 est
711 2026 843 2086 omnium
865 2028 1044 2087 difficillima.
1087 2031 1154 2089 Ine-

100 2091 204 2184 gpffigng
217 2107 231 2134 ὃ
243 2105 316 2134 ωωκ
354 2138 426 2186 unte
447 2125 527 2186 enim
547 2123 756 2196 adulescentia,
775 2144 844 2183 cum
860 2136 906 2184 est
924 2125 1053 2184 maxima
1073 2125 1153 2186 inbe-

352 2225 457 2284 cillitas
471 2223 594 2297 consilii,
610 2233 673 2282 tum
688 2220 719 2281 id
733 2221 789 2282 sibi
803 2222 928 2298 quisque
942 2243 1034 2300 genus
1049 2224 1151 2283 aetatis
1166 2245 1197 2278 ro

102 2323 258 2400 degendae
284 2319 445 2391 constituit,
478 2318 562 2394 quod
588 2317 716 2376 maxime
744 2317 901 2377 adamavit.
943 2321 1049 2393 Itaque
1083 2330 1152 2379 ante

101 2418 269 2496 implicatur
285 2417 386 2493 aliquo
406 2425 487 2475 certo
506 2433 613 2491 genere
631 2432 776 2489 cursuque
797 2413 916 2474 vivendi
936 2434 1025 2491 quam
1047 2416 1151 2493 potuit,

101 2515 185 2591 quod
207 2513 350 2591 optimum
373 2522 459 2583 esset,
485 2509 623 2570 iudicare.
669 2512 733 2568 118.
771 2512 851 2569 Nam
877 2513 960 2588 quod
988 2514 1152 2572 Herculem

102 2613 246 2673 Prodicus
262 2608 344 2683 dicit,
358 2621 390 2670 ut
409 2603 453 2670 est
472 2609 553 2685 apud
569 2609 810 2684 Xenophontem,
826 2628 895 2668 cum
914 2609 1041 2686 primum
1062 2612 1153 2688 pube·

101 2709 454 2784 sceret-quod.tempus
474 2726 493 2765 a
513 2716 616 2764 natura
636 2706 676 2764 ad
696 2705 893 2781 deligendum,
916 2725 1005 2782 quam
1026 2706 1152 2784 quisque
1165 2727 1195 2776 ²5

100 2807 179 2867 viam
193 2805 312 2866 vivendi
330 2804 368 2864 sit
387 2803 576 2880 ingressurus,
594 2803 696 2861 datum
714 2802 892 2862 est-exisse
910 2802 941 2861 in
960 2803 1151 2865 solitudinem

100 2918 191 2981 atque
205 2903 247 2964 ibi
260 2904 413 2963 sedentem
433 2901 483 2960 diu
503 2920 603 2960 secum
621 2902 807 2976 multumque
822 2900 980 2974 dubitasse,
995 2921 1064 2961 cum
1079 2905 1152 2962 duas

100 3013 233 3064 cerneret
253 3001 323 3074 vias,
343 3020 433 3059 unam
448 2997 624 3074 Voluptatis
639 3000 760 3058 alteram
779 2997 911 3069 Virtutis,
926 3010 1020 3058 utram
1039 3000 1152 3078 ingredi

101 3100 207 3159 melius
225 3109 310 3170 esset,
326 3099 385 3156 hoc
404 3096 529 3156 Herculi
541 3094 631 3155 ‘Iovis
647 3106 712 3153 satu
732 3089 823 3155 edito’
833 3095 928 3171 potuit
947 3098 1069 3158 fortasse
1083 3117 1152 3157 con-

101 3197 222 3274 tingere,
250 3194 337 3255 nobis
365 3214 426 3254 non
454 3193 534 3258 item.
564 3191 615 3269 qui
642 3191 791 3251 imitamur
818 3213 893 3270 quos
920 3194 1027 3270 cuique
1054 3194 1150 3255 visum
1164 3220 1196 3270 30

99 3306 153 3367 est,
168 3305 257 3370 atque
272 3293 311 3351 ad
325 3310 427 3372 eorum
442 3289 540 3351 studia
553 3288 744 3365 institutaque
758 3289 942 3367 impellimur.
973 3294 1150 3368 Plerumque

100 3402 200 3450 autem
220 3387 385 3466 parentium
405 3372 569 3464 praeceptis
589 3385 695 3446 imbuti
715 3387 754 3445 ad
781 3406 883 3446 eorum
903 3388 1150 3449 consuetudinem

100 3505 274 3563 moremque
302 3483 484 3545 deducimur.
541 3482 601 3542 Alii
630 3483 831 3543 multitudinis
865 3483 976 3543 iudicio
1010 3487 1149 3557 feruntur,

99 3601 234 3658 quaeque
261 3578 366 3640 maiori
393 3579 468 3656 parti
494 3577 689 3656 pulcherrima
715 3577 859 3651 videntur,
888 3597 924 3638 ea
950 3579 1077 3641 maxime
1104 3600 1151 3641 ex-

148 3811 179 3861 ²3
197 3797 334 3848 Herculem
351 3796 470 3846 Prodicus
485 3796 546 3846 dicit
556 3803 617 3862 pasl
632 3796 783 3848 Munatium
800 3796 842 3848 Ba
862 3797 942 3850 Heine
960 3799 1000 3864 st,
1017 3800 1166 3854 Herculem

93 3877 231 3924 Prodicium
241 3877 329 3923 dr'cunt
340 3876 377 3923 ff
386 3877 429 3925 Za
442 3877 542 3940 Oralit,
559 3880 702 3934 Herculem
714 3883 856 3954 prodigum
867 3884 933 3938 dicit
944 3892 994 3956 opt,
1010 3887 1082 3939 codd.
