2580 4184
113 185 147 246 lI
160 200 240 245 xxiv
254 178 306 266 84]
500 202 573 260 quae
590 190 675 261 opera
684 183 748 261 fiat
1124 203 1160 261 91

111 351 353 414 constituendam
373 349 509 430 pecunia,
531 352 750 412 Alexandream
771 370 804 413 se
823 349 971 429 proficisci
990 353 1067 414 velle
1088 351 1162 414 dixit

112 469 235 528 remque
248 449 393 528 integram
406 450 446 511 ad
464 448 592 510 reditum
607 469 695 509 suurn
709 447 793 508 iussit
808 468 881 509 esse.
925 450 1017 526 Isque
1031 448 1163 511 celeriter

113 547 152 608 ad
173 547 379 608 Ptolomaeum
393 564 481 606 suum
501 543 651 622 hospitem
672 544 762 619 venit,
777 545 830 621 qui
850 555 914 606 tum
935 546 1076 623 regnabat
1089 548 1162 608 alter

112 654 180 722 post
200 642 419 703 Alexandream
440 640 602 702 conditam.
645 640 704 703 Cui
731 659 801 700 cum
828 640 1012 718 exposuisset
1038 643 1162 720 patriam

113 759 145 801 se
168 739 293 800 liberare
315 739 392 799 velle
416 756 598 815 causamque
622 735 783 809 docuisset,
808 756 827 797 a
852 756 921 814 rege
948 739 1091 815 opulento
1117 739 1162 800 vir
1190 768 1204 818 5

113 855 247 897 summus
260 835 347 897 facile
361 833 527 913 impetravit
541 844 575 895 ut
587 833 692 911 grandi
705 833 833 911 pecunia
846 834 1037 897 adiuvaretur.
1060 838 1161 913 Quam

113 951 181 992 cum
202 932 361 1011 Sicyonem
380 930 535 1005 attulisset,
551 929 687 991 adhibuit
701 929 757 991 sibi
771 929 802 989 in
816 929 973 991 consilium
987 930 1160 1008 quindecim

112 1028 269 1107 principes,
290 1047 360 1087 cum
381 1026 490 1105 quibus
514 1044 618 1086 causas
642 1025 783 1104 cognovit
806 1037 837 1087 et
861 1045 972 1102 eorum,
988 1028 1040 1105 qui
1063 1030 1160 1092 aliena

113 1126 262 1199 tenebant,
276 1134 306 1184 et
328 1141 438 1197 eorum,
449 1121 500 1198 qui
515 1141 568 1182 sua
581 1120 747 1195 amiserant,
763 1120 944 1199 perfecitque
957 1126 1158 1187 aestumandis

112 1220 358 1297 possessionibus,
372 1229 405 1280 ut
423 1220 612 1297 persuaderet
631 1217 703 1292 aliis,
719 1227 752 1278 ut
771 1217 928 1295 pecuniam
943 1218 1075 1298 accipere
1089 1223 1159 1282 rnal—
1174 1247 1203 1282 ro

112 1320 182 1392 lent,
210 1315 447 1398 possessionibus
475 1317 624 1388 cederent,
653 1313 717 1374 aliis
744 1325 778 1375 ut
804 1315 993 1377 commodius
1019 1329 1157 1394 putarent

112 1415 259 1477 numerari
280 1413 344 1489 sibi,
360 1414 443 1492 quod
464 1411 540 1473 tanti
561 1421 646 1486 esset,
667 1431 758 1488 quarn
779 1431 867 1471 suum
888 1431 1067 1490 recuperare.
1111 1419 1160 1477 Ita

111 1514 274 1590 perlectum
300 1522 346 1573 est
372 1521 405 1572 ut
429 1529 534 1571 omnes
560 1509 722 1570 concordia
748 1509 910 1570 constituta
937 1510 1000 1572 sine
1028 1516 1159 1589 querella

111 1610 305 1671 discederent
348 1610 396 1684 83.
439 1606 590 1669 Ovirum
616 1624 757 1684 magnum
784 1604 976 1684 dignumque,
1000 1607 1104 1683 quiin
1126 1629 1157 1671 re

111 1707 231 1785 publica
244 1717 344 1767 nostra
357 1715 443 1766 natus
457 1707 549 1765 esset!
576 1702 625 1764 Sic
638 1722 692 1781 par
704 1715 749 1763 est
762 1721 849 1780 agere
863 1723 932 1763 cunr
947 1702 1069 1779 civibus,
1085 1725 1155 1780 non,
1171 1725 1200 1776 15

110 1814 143 1863 ut
156 1802 202 1863 bis
213 1802 272 1862 iam
285 1800 422 1874 vidimus,
437 1801 554 1860 hastam
573 1797 605 1858 in
623 1799 687 1862 soro
704 1816 816 1875 ponere
831 1809 861 1858 et
874 1800 955 1859 bona
968 1797 1077 1859 civium
1090 1801 1157 1862 voci

111 1899 243 1961 subicere
270 1897 433 1977 praeconis.
475 1899 516 1958 At
543 1896 593 1957 ille
621 1898 761 1970 Graecus,
783 1895 815 1956 id
837 1897 920 1972 quod
941 1895 996 1956 suit
1016 1896 1156 1975 sapientis

110 2010 140 2058 et
165 1995 342 2076 praestantis
365 1994 428 2069 viri,
454 1993 593 2055 omnibus
614 1993 831 2053 consulendum
852 1992 973 2069 putavit,
996 2011 1090 2070 eaque
1110 2004 1156 2055 est

109 2121 226 2163 summa
249 2101 324 2161 ratio
348 2109 378 2161 et
402 2097 547 2176 sapientia
569 2096 642 2159 boni
665 2095 745 2174 civis,
771 2096 930 2156 commoda
957 2095 1067 2155 civium
1093 2115 1156 2158 non

110 2200 249 2261 divellere
270 2209 361 2275 atque
383 2216 488 2258 omnes
510 2195 660 2273 aequitate
680 2195 786 2254 eadem
806 2192 965 2254 continere.
1009 2193 1157 2255 Habitent
1168 2213 1200 2249 20

109 2297 196 2376 gratis
215 2297 246 2356 in
265 2295 371 2355 alieno.
414 2293 497 2369 Quid
512 2293 570 2353 ita?
622 2302 662 2364 ut,
678 2310 747 2349 cum
762 2309 817 2366 ego
832 2289 953 2349 emerim
967 2288 1155 2363 aedificarim,

109 2406 192 2456 tuear
205 2392 385 2470 impendam,
400 2400 433 2449 tu
447 2409 495 2450 me
510 2389 602 2449 invito
615 2390 711 2448 fruare
728 2388 816 2447 meo?
843 2385 924 2460 Quid
939 2397 983 2447 est
996 2386 1078 2447 aliud
1091 2386 1155 2448 aliis

110 2512 163 2553 sua
177 2490 297 2568 eripere,
312 2487 377 2548 aliis
390 2487 461 2548 dare
475 2486 588 2547 aliena?

133 2647 321 2692 Mssonheaboe
421 2588 469 2658 84.
511 2584 645 2643 Tabulae
658 2602 728 2643 vero
748 2601 844 2643 novae
860 2580 933 2658 quid
948 2583 1060 2643 habent
1073 2602 1155 2662 argu-

107 2699 326 2759 litionotdebtsbeing
362 2682 464 2754 menti,
479 2680 535 2741 nisi
555 2692 588 2740 ut
605 2700 687 2741 emas
704 2700 772 2741 mea
790 2679 916 2757 pecunia
934 2681 1069 2754 fundum,
1085 2701 1153 2742 eum
1167 2704 1196 2754 25

10 2795 94 2846 lxlv
108 2758 321 2851 {li'i‘lii'iil'gidi
358 2769 523 2849 tu'habeas,
538 2795 594 2853 ego
608 2794 671 2835 non
689 2776 817 2836 habeam
835 2774 1011 2853 pecuniam?
1053 2777 1154 2851 Quam

108 2853 325 2949 iibi‘iiitsmsi'nn}
361 2876 402 2935 ob
423 2893 488 2934 rem
509 2893 548 2934 ne
570 2873 607 2934 sit
629 2893 679 2934 aes
700 2874 837 2948 alienum,
853 2874 935 2951 quod
955 2874 998 2934 rei
1017 2875 1155 2953 publicae

108 2949 323 3052 ffissss‘ssffd‘ssgssbiss
360 2981 475 3044 noceat,
498 2969 716 3048 providendum
738 2982 791 3044 est,
812 2973 895 3046 quod
917 2972 1016 3033 multis
1038 2974 1156 3035 rationi·

109 3052 263 3104 ¹³¹¹¹²¹³⁰⁸²s⁶‘'·
360 3067 416 3128 bus
438 3066 534 3127 caveri
555 3078 662 3143 potest,
681 3087 752 3141 non,
772 3067 796 3127 si
818 3068 913 3142 fuerit,
936 3080 970 3129 ut
992 3071 1154 3149 locupletes

109 3188 197 3230 suurn
219 3166 354 3245 perdant,
381 3165 529 3228 debitores
551 3167 701 3226 lucrentur
724 3165 861 3226 alienum.
904 3170 970 3228 Nec
992 3169 1072 3228 enirn
1094 3171 1154 3230 ulla
1166 3195 1198 3245 30

108 3285 155 3326 res
172 3261 377 3325 vehementius
396 3281 459 3322 rem
480 3261 631 3338 publicam
644 3261 778 3322 continet
796 3281 885 3338 quam
898 3264 981 3337 fides,
998 3283 1074 3340 quae
1088 3283 1153 3326 esse

107 3363 189 3422 nulla
213 3368 320 3437 potest,
348 3355 405 3417 nisi
432 3356 487 3418 erit
514 3356 679 3418 necessaria
705 3356 813 3417 solutio
841 3377 937 3418 rerum
965 3359 1150 3420 creditamm.

360 3456 524 3532 Nunquam
549 3453 754 3516 vehementius
781 3465 881 3514 actum
908 3465 954 3516 est
982 3475 1072 3532 quarn
1102 3476 1152 3518 me

106 3532 323 3636 ,efffjgiffiinssioeig
357 3552 479 3612 consule
494 3569 531 3611 ne
546 3552 713 3612 solveretur.
735 3549 834 3610 Armis
849 3561 879 3611 et
893 3550 994 3612 castris
1008 3563 1153 3630 temptata

106 3634 321 3730 {issffifpm
357 3667 404 3709 res
428 3659 473 3709 est
497 3648 536 3707 ab
560 3645 643 3709 omni
666 3665 773 3725 genere
796 3646 952 3709 hominum
976 3659 1006 3710 et
1030 3650 1150 3715 ordine:
1164 3671 1194 3724 35

359 3745 465 3824 quibus
486 3744 528 3808 ita
548 3742 649 3818 restiti,
674 3754 708 3806 ut
731 3744 790 3806 hoc
810 3754 907 3807 totum
928 3746 1041 3807 malum
1060 3749 1155 3812 dere

90 3844 214 3920 publica
235 3843 394 3906 tolleretur.
437 3844 621 3930 Numquam
640 3864 701 3912 nec
714 3844 815 3913 maius
829 3866 882 3914 aes
895 3844 1180 3914 ahenumiurtuec
