2580 4184
109 200 218 260 Ixx1v
233 197 285 281 84]
375 202 460 260 Verae
468 201 657 278 forttludint's
676 205 752 265 ratri>
771 211 889 265 externa
1119 228 1154 286 3¹

106 367 182 442 quid
204 369 369 429 crudeliter.
411 370 509 445 quue
530 381 575 430 est
594 369 648 430 viri
670 370 778 447 magni,
803 373 890 433 rebus
912 373 1027 451 agitatis
1053 375 1158 453 punire

106 474 217 538 sontes,
236 463 459 525 multitudinem
475 485 658 540 conservare,
673 465 705 526 in
725 467 809 528 omni
830 470 948 531 fortuna
967 483 1048 534 recta
1067 483 1157 548 atque

106 560 235 622 honesta
252 561 385 622 retinere.
428 563 473 623 Ut
490 561 572 622 enim
590 574 670 637 sunt,
683 582 774 647 quem
792 565 833 624 ad
846 567 971 626 modum
985 587 1073 646 supra
1087 567 1156 642 dixi,

107 656 160 734 qui
187 658 306 719 urbanis
332 659 421 719 rebus
447 658 568 720 bellicas
595 670 785 737 anteponant,
814 660 857 721 sic
890 662 1017 741 reperias
1048 667 1157 726 multos

106 755 216 834 quibus
242 754 408 832 periculosa
433 767 465 816 et
490 755 587 816 calida
613 756 737 816 consilia
763 756 870 834 quietis
897 770 927 818 et
960 759 1094 838 cogitatis
1127 774 1157 822 et
1186 784 1200 832 5

107 839 309 929 splendidiora
335 864 366 913 et
393 851 505 913 maiora
531 851 695 913 videantur.
738 854 785 928 83.
830 843 1005 931 Numquam
1033 855 1157 918 omnino

106 946 230 1026 periculi
253 949 323 1025 fuga
345 947 594 1009 committendum
616 959 662 1008 est
683 958 716 1008 ut
736 946 863 1008 inbelles
883 947 1039 1027 timidique
1060 951 1158 1013 videa·

106 1064 182 1120 mur,
203 1046 258 1106 sed
278 1045 452 1124 fugiendum
472 1045 547 1106 illud
566 1045 666 1118 etiam,
690 1063 729 1105 ne
757 1046 913 1106 offeramus
941 1066 996 1107 nos
1020 1048 1157 1126 periculis

106 1123 177 1201 sine
197 1160 295 1215 causa,
325 1160 386 1218 quo
413 1160 478 1202 esse
505 1141 579 1202 nihil
605 1152 704 1219 potest
730 1141 855 1235 stultius.
912 1144 1099 1223 Quapropter
1125 1147 1157 1206 in

106 1239 253 1301 adeundis
276 1240 413 1319 periculis
435 1241 622 1301 consuetudo
645 1239 790 1301 imitanda
816 1240 1002 1324 medicqprm
1028 1254 1082 1319 est,
1105 1245 1156 1321 qui
1174 1271 1202 1306 ιο

105 1336 209 1398 leviter
232 1349 416 1417 aegrotantes
443 1337 548 1399 leniter
574 1347 687 1410 curant,
710 1335 891 1415 gravioribus
917 1349 1018 1398 autem
1045 1340 1156 1401 morbis

103 1434 285 1512 periculosas
304 1434 471 1496 curationes
491 1446 521 1495 et
541 1433 684 1512 ancipites
701 1433 843 1494 adhibere
861 1446 1013 1512 coguntur.
1057 1437 1156 1511 Quare

105 1532 136 1592 in
170 1533 329 1612 tranquillo
362 1544 570 1610 tempestatem
603 1533 757 1593 adversam
788 1542 890 1620 optare
921 1532 1068 1593 dementis
1101 1546 1155 1608 est,

105 1628 261 1690 subvenire
287 1639 389 1690 autern
416 1627 584 1706 tempestati
611 1627 714 1705 quavis
741 1628 855 1689 ratione
882 1629 1031 1707 sapientis,
1059 1652 1156 1710 eoque

105 1725 208 1806 magis,
231 1725 257 1788 si
277 1727 344 1806 plus
365 1726 528 1804 adipiscare
551 1746 583 1788 re
604 1727 752 1805 explicata
775 1726 847 1787 boni
869 1746 959 1804 quam
982 1731 1156 1804 addubitata
1172 1757 1198 1804 ¹5

176 1889 183 1902 ‚
357 1823 437 1885 mali.
476 1823 666 1886 Periculosae
689 1836 790 1886 autern
813 1845 912 1886 rerum
939 1827 1071 1890 actiones
1092 1851 1156 1910 par·

106 1889 209 1981 „ichriioe
219 1889 324 1983 siem
358 1921 413 1983 tim
447 1923 483 1982 lls
516 1935 595 1989 sunt,
618 1919 670 1998 qui
696 1940 747 1983 eas
764 1922 946 1999 suscipiunt,
975 1925 1083 2001 partim
1113 1928 1155 1989 rei

104 1991 203 2043 dmm
344 2017 503 2098 publicae.
546 2020 684 2095 Itemque
711 2017 761 2077 alii
782 2018 821 2079 de
842 2017 911 2092 vita,
933 2019 1040 2081 allide
1063 2022 1155 2100 gloria

104 2128 135 2178 et
161 2115 369 2181 benevolentia
390 2114 500 2175 civium
521 2111 554 2174 in
581 2113 739 2175 discrimen
763 2124 911 2173 vocantur.
955 2117 1154 2194 Promptiores

104 2214 192 2293 igitur
212 2214 356 2276 debemus
378 2233 443 2275 esse
464 2214 504 2274 ad
525 2223 625 2273 nostra
645 2211 784 2291 pericula,
809 2231 899 2288 quam
922 2214 962 2272 ad
983 2216 1198 2277 communiam

104 2312 305 2389 dimicareque
331 2310 460 2390 paratius
488 2311 526 2371 de
553 2311 667 2370 honore
693 2319 724 2370 et
750 2309 843 2387 gloria
870 2329 960 2386 quam
988 2313 1026 2373 de
1048 2314 1153 2375 ceteris

102 2410 279 2475 commodis.
322 2414 369 2485 84.
412 2406 530 2469 Inventi
557 2420 657 2469 autem
671 2408 770 2468 *multi
797 2419 867 2468 sunt
893 2409 945 2485 qui
972 2431 1034 2471 non
1060 2414 1153 2474 modo

102 2507 261 2586 pecuniam
275 2505 432 2569 sedetiam
445 2505 537 2565 vitam
554 2507 732 2585 profundere
752 2526 807 2583 pro
824 2506 918 2584 patria
935 2508 1028 2587 parati
1044 2523 1151 2586 essent,

101 2604 184 2666 idem
204 2603 313 2682 gloriae
333 2602 475 2664 iacturam
496 2622 534 2663 ne
554 2601 708 2661 minimam
729 2600 852 2679 quidem
871 2604 966 2665 facere
980 2607 1096 2680 vellent,
1112 2626 1150 2667 ne

100 2698 270 2778 re‘publica·
286 2700 408 2777 quidem
428 2700 604 2776 postulante,
619 2709 654 2758 ut
672 2698 882 2772 Callicratidas,
897 2699 957 2776 qui,
972 2720 1042 2760 cum
1061 2705 1150 2764 Laee-
1166 2732 1194 2780 25

101 2796 328 2859 daemoniorum
342 2783 405 2856 dux
417 2794 520 2856 luisset
533 2793 787 2872 Peloponnesiaco
800 2795 880 2856 bello
897 2798 1049 2873 multaque
1067 2798 1149 2859 secis-

100 2907 146 2957 set
182 2893 306 2975 egregie,
333 2892 420 2954 vertit
445 2893 485 2953 ad
511 2903 676 2954 extremum
703 2892 811 2967 omnia,
839 2912 909 2952 cum
935 2895 1060 2956 consilio
1087 2917 1148 2958 non

10 2999 20 3017 ·’
101 2991 197 3070 paruit
211 3010 315 3052 eorum
333 2989 385 3068 qui
403 2991 528 3049 classem
545 2990 583 3050 ab
603 2988 756 3066 Arginusis
774 2991 985 3050 removendam
1004 3012 1060 3054 nec
1078 3014 1147 3053 curn

100 3075 333 3150 'Atheniensibus
356 3086 560 3147 dimicandum
582 3087 733 3163 putabant.
776 3086 893 3161 Quibus
915 3087 969 3157 „ille
995 3091 1147 3168 respondit

102 3183 356 3246 Lacedaemonios
374 3185 467 3244 classe
480 3181 530 3242 illa
542 3181 651 3242 amissa
670 3181 758 3240 aliam
771 3201 872 3258 parare
885 3202 981 3259 posse,
997 3203 1030 3245 se
1047 3187 1145 3262 sugere
1162 3219 1193 3265 30

101 3281 165 3342 sine
185 3301 241 3343 suo
261 3282 408 3344 dedecore
428 3299 490 3340 non
510 3298 605 3357 posse.
647 3282 748 3354 Atque
768 3280 843 3340 haec
856 3280 979 3356 quidem
1000 3282 1147 3342 Lacedae·

101 3378 209 3439 moniis
231 3379 318 3457 plaga
341 3375 507 3449 mediocris,
528 3375 579 3435 illa
601 3373 738 3453 pestifera
758 3394 825 3451 qua,
847 3394 918 3434 curn
939 3375 1145 3436 Cleombrotus

100 3473 371 3536 invidiam'timens
391 3485 503 3536 temere
523 3491 594 3532 cum
618 3471 826 3548 Epaminonda
847 3470 1032 3544 conflixisset,
1055 3474 1146 3534 Lace·

101 3571 325 3646 daemoniorum
339 3590 411 3653 opes
431 3579 610 3642 corruerunt
653 3569 774 3644 Quanto
795 3569 833 3644 Q.
850 3567 999 3629 Maximus
1018 3568 1144 3632 melius!

230 3802 233 3807 .
346 3812 350 3822 ,
368 3762 487 3830 52quietis
497 3759 687 3829 cogitationibus
697 3761 879 3814 Stchermo
