2580 4184
85 209 101 266 1·
116 223 185 267 xvn
201 203 252 284 54]
422 207 566 267 Soaktatis
581 208 692 284 gradus
704 210 808 284 plures
955 200 957 206 ’
1108 230 1142 270 21

82 386 251 446 teneantur,
274 386 306 432 ut
330 375 366 434 sit
390 373 583 434 constitutum
604 374 719 451 legibus
743 374 822 452 ipsis,
848 386 946 435 cetera
972 375 1015 436 sic
1043 377 1146 438 obser·

83 481 201 542 ventur,
215 481 249 530 ut
262 469 293 528 in
307 471 489 531 Graecorum
507 471 664 547 proverbio
686 481 739 544 est,
773 471 954 531 ‘amicorum
975 491 1040 533 esse
1061 493 1143 534 com·

85 565 192 625 munia
205 565 323 626 omnia’
365 565 510 628 Omnium
528 578 630 627 autem
647 567 821 629 communia
833 566 990 628 hominum
1004 568 1145 630 videntur

85 680 124 720 ea
144 679 223 736 quae
242 673 312 722 sunt
331 661 446 739 generis
466 662 530 722 eius
551 664 634 739 quod
654 664 692 724 ab
714 662 813 723 Ennio
832 663 963 741 positum
984 664 1015 723 in
1031 684 1143 728 unare

86 756 236 818 transferri
250 757 281 816 in
295 760 404 818 multas
417 769 537 835 potest:
1174 787 1188 837 5

316 877 400 927 Hanni
412 878 459 942 qui
471 879 571 928 erranti
584 878 683 929 cdmitcr
697 879 819 930 momtrdt
834 881 910 942 mam,

316 957 389 1022 quari
402 957 487 1006 lainam
502 959 531 1007 de
545 975 589 1007 suo
604 959 700 1008 lu'mine
715 958 912 1033 acccnddtjacib

318 1039 397 1088 m'ln'ld
411 1040 495 1087 minus
511 1039 559 1103 ipsi
573 1039 643 1098 lu'cet,
659 1057 715 1089 cum
732 1041 774 1089 illi
787 1038 926 1090 acclnderr't.

151 1147 224 1207 Una
250 1166 288 1207 ex
314 1165 345 1206 re
372 1145 443 1206 satis
469 1145 613 1222 praecipit
635 1156 676 1219 ut,
700 1144 847 1222 quidquid
875 1146 938 1206 sine
966 1144 1143 1207 detrimento
1224 1168 1227 1173 ·

87 1243 275 1307 commodari
288 1241 390 1320 possit,
405 1241 437 1301 id
457 1242 601 1302 tribuatur
617 1244 665 1302 vel
686 1241 796 1319 ignoto.
840 1260 886 1320 5²·
923 1245 970 1302 Ex
991 1262 1052 1319 quo
1073 1255 1142 1303 sunt
1159 1271 1188 1304 ιο
1232 1239 1234 1242 ⁴

89 1343 140 1401 illa
153 1338 343 1412 communia;
366 1343 440 1398 ‘non
459 1338 615 1415 prohibere
635 1357 713 1414 aqua
736 1339 910 1416 profluente,
932 1339 993 1416 pati
1015 1340 1053 1400 ab
1075 1339 1142 1417 igne

88 1439 190 1515 ignem
210 1418 325 1512 capere,
340 1433 365 1494 si
385 1434 437 1511 qui
457 1435 536 1508 velit,
558 1434 716 1495 consilium
739 1437 827 1497 fidele
851 1435 1025 1496 deliberanti
1046 1438 1142 1498 dare':

89 1553 168 1610 quae
182 1543 252 1593 sunt
265 1531 301 1591 iis
320 1531 403 1590 utilia
423 1530 475 1608 qui
493 1530 651 1608 accipiunt,
667 1531 750 1592 danti
769 1552 830 1592 non
849 1534 980 1592 molesta
1024 1534 1093 1608 Qua
1111 1553 1142 1595 re

88 1642 120 1691 et
134 1628 180 1690 his
195 1629 341 1689 utendum
355 1640 400 1688 est
413 1639 443 1688 et
457 1647 574 1704 semper
588 1628 702 1704 aliquid
720 1631 758 1689 ad
776 1649 968 1690 communem
986 1629 1142 1690 utilitatem

74 1726 283 1787 afferendum.
333 1726 394 1785 Sed
421 1724 563 1801 quoniam
591 1725 695 1802 copiae
721 1745 828 1804 parvae
856 1725 1037 1804 singulorum
1063 1738 1140 1801 sunt,
1156 1751 1183 1800 15

89 1841 194 1884 eorum
221 1833 323 1881 autem
349 1820 401 1898 qui
427 1820 473 1880 his
498 1833 603 1898 egeant
627 1821 741 1882 infinita
762 1834 807 1882 est
830 1822 998 1896 multitudo,
1016 1823 1141 1900 vulgaris

88 1917 249 1981 liberalitas
262 1918 416 1977 referenda
429 1927 474 1978 est
488 1919 527 1977 ad
541 1918 624 1977 illum
640 1919 719 1978 Enni
744 1920 835 1978 finem
850 1919 1071 1980 ‘Nihilominus
1085 1920 1141 1998 ipsi

90 2015 188 2090 lucet'
203 2027 237 2076 ut
250 2016 372 2074 facultas
387 2014 424 2073 sit
439 2013 543 2090 quain
557 2027 672 2075 nostros
687 2015 779 2074 simus
793 2015 936 2075 liberales.

10 2120 75 2170 {VII
403 2127 450 2187 53.
493 2111 609 2170 Gradus
636 2122 737 2170 autem
763 2112 862 2188 plures
896 2122 964 2172 sunt
992 2112 1139 2174 societatis

116 2173 202 2216 Several
209 2173 304 2215 subordi-

90 2223 307 2284 nategradatimsor'
340 2208 506 2269 hominum
550 2211 593 2268 Ut
612 2207 692 2268 enim
713 2208 751 2268 ab
772 2208 822 2268 illa
835 2208 949 2268 infinita
962 2209 1138 2283 discedatur,
1153 2237 1182 2270 κο

90 2275 304 2386 iiiiindiiiiiyaii
341 2305 460 2383 propior
487 2316 531 2365 est
558 2304 692 2365 eiusdem
719 2305 822 2386 gentis,
852 2305 988 2381 nationis,
1012 2306 1138 2389 linguae,

91 2375 305 2477 isaari‘oifffngirifled
343 2423 403 2481 qua
424 2424 568 2465 maxume
592 2404 729 2465 homines
753 2406 990 2484 coniunguntur3
1017 2407 1138 2468 interius

93 2477 196 2528 CWy'
341 2501 431 2562 etiam
451 2512 496 2562 est
511 2501 644 2562 eiusdem
666 2522 731 2563 esse
755 2504 888 2566 civitatis.
932 2507 1031 2566 Multa
1057 2506 1137 2566 enim

91 2613 161 2662 sunt
187 2598 301 2660 civibus
327 2597 403 2659 inter
429 2617 461 2659 se
488 2599 676 2658 communia:
707 2602 803 2660 sorum
830 2604 906 2674 sana,
925 2601 1054 2680 porticus
1074 2602 1148 2675 viae,

89 2701 169 2776 leges
182 2695 368 2768 iura,iudicia
380 2695 523 2772 suffragia,
538 2695 768 2757 consuetudines
781 2709 931 2773 praeterea
950 2710 980 2758 et
998 2698 1142 2758 familiari·
1152 2716 1181 2765 ²⁵

90 2808 166 2856 tates
187 2792 345 2868 multisque
365 2811 433 2850 cum
449 2791 549 2850 multis
563 2811 608 2851 res
623 2791 810 2870 rationesque
824 2807 999 2854 contractae.
1042 2795 1140 2855 Artior

107 2950 303 3002 Relatiomffipand
340 2907 410 2947 vero
429 2887 577 2964 colligatio
597 2900 641 2948 est
661 2889 809 2949 societatis
827 2891 1080 2969 propinquorum:
1101 2894 1140 2954 ab

90 3002 304 3102 fflffioffiea
342 2984 392 3044 illa
412 2985 492 3045 enim
513 2985 658 3046 immensa
679 2987 820 3049 societate
840 2989 963 3049 humani
981 2990 1095 3068 generis
1109 2991 1140 3049 in

65 3108 71 3118 ·
117 3103 227 3143 Domestrc
265 3115 304 3162 gq-
342 3081 481 3159 exiguum
497 3094 714 3160 angustumque
731 3083 926 3143 concluditur.
970 3102 1016 3161 54.
1060 3087 1140 3144 Nam

90 3151 304 3254 {ildillllb‘lss
342 3197 412 3237 cum
436 3178 473 3237 sit
496 3179 555 3239 hoc
578 3190 682 3239 natura
704 3199 862 3241 commune
885 3181 1087 3256 animantium,
1108 3196 1140 3242 ut
1152 3199 1184 3246 3⁰

91 3262 235 3295 '‘mmm''
288 3283 293 3293 '
342 3274 470 3334 habeant
497 3274 662 3335 lubidinem
689 3276 872 3352 procreandi,
887 3253 989 3354 ‘prima
1015 3278 1140 3338 societas

93 3368 125 3429 in
146 3367 221 3447 ipso
235 3369 374 3448 coniugio
394 3382 448 3444 est,
469 3371 603 3448 proxima
624 3371 654 3430 in
675 3371 781 3444 liberis,
806 3373 915 3435 deinde
937 3394 997 3434 una
1023 3375 1139 3448 domuS,

145 3496 156 3530 1
174 3481 207 3530 sit
221 3482 382 3531 constitutum
399 3481 495 3546 legibus
511 3482 571 3546 ipsis
590 3484 631 3531 Ba
647 3490 704 3546 post
720 3483 895 3544 Gulielmium
916 3485 948 3534 sit
966 3485 1139 3534 constitutum:

91 3561 207 3627 equibus
217 3562 277 3626 ipsis
287 3563 360 3626 vulga
373 3563 423 3612 Or:
433 3571 470 3612 est
475 3572 524 3626 pro
534 3565 566 3611 sit
576 3564 657 3612 Helm
667 3565 714 3614 Lu.
752 3568 761 3622 ll
798 3567 935 3628 3omninm
946 3567 1044 3622 ZuBa,
1057 3566 1140 3614 omnia

93 3645 132 3693 Or
146 3643 178 3692 St
192 3658 249 3694 cum
263 3642 328 3694 codd.
356 3644 426 3693 Recte
443 3643 521 3694 Lund
535 3644 635 3692 ‘omnia
651 3645 675 3694 si
689 3644 820 3708 smpsissel
832 3646 919 3701 Cicero.
932 3661 982 3694 non
995 3648 1078 3709 panto
1093 3647 1141 3695 loco

85 3726 209 3791 portasset.
230 3723 273 3775 ud
288 3725 371 3788 potius
392 3731 511 3789 postremo
537 3725 688 3784 (communia
714 3734 798 3774 autern
822 3725 951 3775 hominum
974 3729 1081 3790 ommal'
1127 3731 1137 3784 l

92 3805 260 3871 spermultas
270 3806 312 3856 Ba
322 3806 466 3856 Heinecum
476 3807 571 3870 aliquot
579 3806 645 3858 codd.
681 3811 692 3869 l
728 3811 907 3878 opraecip'nm
923 3810 959 3863 Or
994 3814 1011 3873 l
1047 3825 1076 3863 u
1092 3824 1170 3877 pro·¹

84 3887 264 3942 liuentiflttiu,
276 3885 419 3948 proruente
430 3886 506 3951 audeo
