2580 4184
122 193 316 280 111xx185]
388 199 438 260 Dc
456 200 626 260 contentione
644 200 815 261 Honestior
839 199 927 262 Utilis
1115 216 1169 278 1²5

122 367 264 447 Capitalis
269 360 418 443 [Eteocles
431 368 479 428 vel
492 366 592 444 potius
607 361 781 446 Euripides]‚
786 367 837 445 qui
851 367 883 429 id
896 388 997 442 unum,
1013 369 1095 446 quod
1109 388 1170 430 om·

122 466 204 527 nium
225 464 482 526 sceleratissimum
503 464 598 539 suerit,
618 465 779 543 exceperit!
822 469 869 541 83.
907 466 989 542 Quid
1009 465 1097 544 igitur
1117 467 1169 526 mi·

121 574 194 625 nuta
207 563 380 641 colligimus,
395 561 581 635 hereditates,
596 573 783 635 mercaturas,
798 562 985 623 venditiones
1004 564 1170 624 fraudulen-

121 666 185 723 tas?
214 664 293 722 Ecce
314 661 376 736 tibi,
399 659 451 738 qui
469 680 519 720 rex
538 660 641 738 populi
661 659 792 721 Romani
813 661 1011 738 dominusque
1033 661 1167 721 omnium

121 758 253 837 gentium
266 778 332 820 esse
346 756 546 835 concupiverit
560 757 652 834 idque
665 756 833 834 perfecerit!
870 760 961 817 Hanc
976 758 1168 835 cupiditatem
1199 768 1221 832 sv

122 856 147 917 si
160 857 317 916 honestam
331 855 397 932 quis
416 874 481 915 esse
501 853 581 926 dicit,
596 873 700 914 amens
718 865 776 915 est:
798 855 903 931 probat
924 853 1004 914 enim
1024 856 1122 932 legum
1139 867 1169 916 et

121 952 264 1013 libertatis
277 951 427 1012 interitum
442 970 600 1029 earumque
615 950 835 1029 oppressionem
857 962 980 1011 taetram
994 964 1024 1012 et
1046 954 1170 1013 detesta-

122 1049 213 1110 bilem
231 1049 389 1126 gloriosam
407 1058 499 1125 putat.
542 1047 603 1124 Qui
621 1058 721 1108 autem
735 1049 842 1107 fatetur
855 1048 1014 1108 honestum
1028 1069 1089 1109 noo
1104 1070 1169 1110 esse

123 1146 154 1206 in
170 1165 206 1206 ea
225 1145 352 1218 civitate,
368 1164 444 1221 quae
462 1145 553 1205 libera
570 1143 657 1204 luerit
678 1163 814 1221 quaeque
830 1163 894 1205 esse
907 1146 1022 1219 debeat,
1038 1166 1167 1223 regnare,

122 1242 177 1302 sed
196 1240 233 1315 ei,
252 1241 305 1318 qui
321 1241 353 1301 id
369 1243 464 1300 facere
485 1239 586 1317 possit,
608 1260 673 1301 esse
689 1240 769 1313 utile,
785 1260 845 1317 qua
865 1242 945 1301 hunc
964 1243 1168 1320 obiurgatione
1183 1263 1214 1299 ro

121 1349 174 1398 aut
187 1357 248 1416 quo
261 1337 360 1415 potius
374 1336 536 1397 convicioa
550 1346 633 1397 tanto
653 1356 751 1398 errore
771 1357 862 1398 coner
880 1340 1023 1400 avellere?
1065 1344 1167 1401 Potest

121 1436 211 1509 enim,
227 1435 269 1496 dii
289 1434 483 1495 immortales!
503 1433 642 1511 cuiquam
663 1454 728 1495 esse
748 1435 821 1496 utile
840 1437 1045 1498 foedissimum
1067 1449 1096 1498 et
1110 1450 1169 1499 tae·

122 1534 274 1596 terrimum
287 1532 476 1611 parricidium
489 1532 609 1610 patriae,
625 1533 759 1610 quamvis
779 1533 812 1606 is,
828 1534 879 1611 qui
896 1555 928 1595 se
949 1555 986 1596 eo
1006 1537 1168 1596 obstrinxe-

148 1657 335 1701 Reffimdfflh,
371 1628 416 1701 rit,
431 1629 470 1688 ab
479 1628 626 1705 oppressis
639 1627 752 1690 civibus
766 1632 876 1691 Parens
890 1631 1076 1694 nominetur?
1104 1637 1169 1693 Ho

122 1711 158 1802 22¹
183 1719 337 1802 {laenffiuss}
372 1736 486 1786 nestate
506 1726 594 1804 igitur
608 1726 767 1804 derigenda
787 1727 896 1788 utilitas
917 1741 962 1790 est
988 1740 1019 1790 et
1044 1730 1166 1808 quidem
1183 1740 1210 1791 ¹5

123 1811 267 1863 Expedieney.
374 1823 425 1897 sic,
450 1833 483 1883 ut
502 1823 577 1882 haec
597 1823 659 1882 duo
678 1823 769 1883 verbo
790 1823 866 1884 inter
885 1843 917 1884 se
940 1825 1113 1902 discrepare,
1136 1847 1168 1887 re

123 1938 218 1980 uuum
236 1938 342 1979 sonare
357 1918 519 1979 videantur.
562 1922 609 1992 84
636 1921 708 1979 Non
725 1920 829 1988 habeo,
840 1922 878 1980 ad
896 1922 976 2000 volgi
995 1923 1167 2000 opinionem

124 2033 202 2091 quae
215 2013 309 2073 maior
322 2013 431 2073 utilitas
445 2033 534 2091 quam
555 2014 699 2091 regnandi
719 2034 784 2075 esse
797 2016 903 2092 possit3
915 2017 988 2077 nihil
1004 2031 1108 2079 contra
1125 2020 1169 2079 in·

123 2109 224 2171 utilius
235 2109 271 2182 ei,
282 2109 332 2186 qui
342 2109 375 2170 id
384 2109 491 2170 iniuste
506 2121 682 2170 consecutus
691 2110 736 2184 sit,
747 2111 874 2184 invenio,
887 2132 955 2172 cum
965 2115 1005 2174 ad
1015 2115 1167 2176 veritatem

145 2242 338 2294 Theunhappffie„
375 2205 462 2283 coepi
481 2225 618 2267 revocare
644 2206 797 2267 rationem.
847 2210 976 2269 Possunt
1003 2210 1082 2269 enim
1109 2213 1167 2271 cui·
1180 2229 1212 2264 το

123 2294 314 2346 ⁰s²¹l¹³¹¹f⁵¹¹ser
374 2322 464 2381 quarn
485 2322 550 2363 esse
570 2303 656 2363 utiles
677 2323 809 2382 angoreS,
831 2305 1051 2382 sollicitudines,
1070 2309 1167 2369 diurni

123 2413 155 2464 et
168 2399 305 2463 nocturni
318 2412 423 2473 metus,
439 2399 499 2460 vita
512 2399 685 2461 insidiarum
705 2401 960 2482 periculorumque
981 2406 1169 2483 plenissima?

317 2545 400 2595 Multi
412 2545 496 2610 iniqui
509 2551 582 2611 atque
594 2545 703 2611 {nfideles
718 2545 799 2612 rlgno,
810 2550 890 2613 pomi
904 2549 1009 2601 bormoli

126 2675 222 2754 inquit
239 2675 359 2736 Accius.
400 2677 442 2735 At
455 2675 502 2735 cui
516 2677 626 2754 regno?
646 2677 760 2754 quoda
775 2681 903 2739 Tantalo
922 2691 952 2740 et
970 2682 1081 2759 Pelope
1102 2702 1167 2760 pro-

126 2775 221 2836 ditum
240 2773 303 2835 iure
322 2772 517 2851 optinebatur.
560 2776 640 2833 Nam
654 2785 765 2850 quanto
779 2776 876 2851 plures
890 2776 918 2836 ei
932 2779 993 2855 regi
1006 2790 1100 2855 putas,
1116 2780 1166 2857 qui
1179 2802 1211 2852 25

126 2871 253 2933 exercitu
267 2870 370 2949 populi
378 2869 508 2931 Romani
521 2873 666 2948 populum
679 2871 776 2949 ipsum
790 2874 962 2933 Romanum
976 2876 1167 2952 oppressisset

125 2968 332 3045 civitatemque
353 2987 414 3027 non
434 2967 678 3043 modoliberam,
693 2969 747 3029 sed
767 2969 857 3029 etiam
876 2971 1011 3049 gentibus
1025 2973 1168 3050 imperan-

127 3075 187 3125 tem
207 3063 314 3124 servire
334 3062 390 3123 sibi
410 3061 573 3140 coegisset?
624 3066 671 3140 85.
707 3066 801 3122 Hunc
822 3075 854 3125 tu
875 3085 949 3142 quas
969 3067 1167 3127 conscientiae

126 3162 207 3222 labes
227 3160 258 3219 in
279 3159 379 3219 animo
397 3179 500 3219 censes
520 3158 665 3232 habuisse,
680 3179 758 3237 quae
777 3163 916 3223 vulnera?
955 3164 1048 3225 Cuius
1068 3177 1167 3225 autem

126 3257 186 3318 vita
200 3257 255 3335 ipsi
268 3267 366 3334 potest
380 3255 458 3315 utilis
473 3275 546 3327 esse,
561 3276 630 3315 cum
644 3255 708 3317 eius
721 3256 798 3317 vitae
812 3278 849 3318 ea
862 3259 994 3319 conditio
1007 3258 1053 3333 sit,
1069 3271 1102 3319 ut
1116 3261 1167 3337 qui
1180 3283 1212 3333 30

126 3351 206 3412 illam
234 3351 370 3430 eripuerit
397 3351 428 3411 in
456 3352 584 3413 maxima
611 3365 641 3414 et
671 3353 765 3431 gratia
793 3355 907 3416 futurus
938 3356 976 3417 sit
1001 3367 1032 3416 et
1058 3357 1167 3434 gloria?

129 3451 218 3528 Quod
232 3450 256 3510 si
270 3452 344 3512 haec
354 3449 438 3510 utilia
450 3469 512 3510 non
526 3461 603 3524 sunt,
614 3470 691 3528 quae
705 3449 831 3512 maxime
844 3452 989 3520 videntur,
997 3452 1067 3530 quia
1080 3456 1169 3531 plena

177 3637 188 3672 1
207 3619 339 3684 Euripides
349 3617 389 3669 vel
400 3618 482 3684 potius
493 3618 608 3669 Eteocles
617 3619 733 3668 Pearcius
742 3625 766 3667 et
781 3619 915 3670 Gesnems:
931 3621 1042 3684 capitalis
1054 3623 1168 3675 Eteocles

127 3703 177 3766 [vel
198 3702 280 3769 potius
302 3700 444 3764 Euripides]
466 3701 608 3760 Porsonus;
629 3707 707 3750 totum
731 3700 846 3751 Eteocles
866 3702 907 3752 vel
929 3703 1011 3768 potius
1037 3705 1170 3773 Euripides

124 3783 253 3847 glossatori
266 3781 382 3830 tribuunt
398 3782 439 3830 Ba
457 3780 538 3829 Heine
577 3784 586 3840 ΙΙ
628 3797 659 3849 ²3
676 3782 750 3848 pauci
764 3781 882 3833 benevoli
899 3784 939 3834 Bo
957 3784 1035 3834 Heint
1052 3787 1082 3836 St
1097 3801 1110 3836 t
1124 3787 1177 3836 cod.

117 3865 195 3911 stem.
211 3879 245 3922 cf
258 3865 332 3928 nugor
340 3872 399 3915 sunt
411 3865 472 3917 boni
