2580 4170
114 187 129 247 1
143 203 215 245 xxti
232 182 291 268 78]
462 189 638 248 Domertr‘cue
645 187 834 264 futtiurdiucs
1135 211 1173 268 ²9

112 354 240 431 consilio
258 356 343 433 leges
359 355 597 427 Atheniensium.
611 360 670 419 hoc
690 358 837 466 maiopum
856 358 991 421 instituta
1010 374 1170 422 servantur.

115 452 154 510 Et
172 451 399 512 Themistocles
418 435 543 529 quidem
562 453 635 534 nihil
656 453 794 527 dixerit,
785 473 817 514 m
831 473 891 531 quo
905 454 969 532 ipse
981 457 1172 535 Areopagum

113 547 270 620 adiuverit,
291 559 325 607 at
344 546 395 607 ille
414 567 484 609 vere
505 568 524 608 a
545 569 578 611 se
599 523 735 610 adiutum
748 550 1000 626 Themistoclem,
1026 564 1071 614 est
1091 554 1172 614 enim

115 643 226 704 bellurn
239 655 361 721 gestum
375 643 501 706 consilio
514 659 633 705 senatus
653 645 726 719 eius,
748 645 800 722 qui
819 665 839 706 a
858 648 968 708 Solone
987 659 1050 708 erat
1065 650 1173 710 consti·

139 808 270 840 vinosus
288 797 334 840 nd
371 751 462 800 tutus
507 745 552 817 76.
597 742 681 804 Licet
701 744 808 804 eadem
828 744 867 804 de
895 744 1042 804 Pausania
1063 747 1172 822 Lysan·
1201 772 1215 820 ⁵

114 857 239 946 33:2⁰⁸}
278 849 334 890 vich
372 840 491 919 droque
509 840 616 913 dicere,
630 859 758 917 quorum
778 840 866 900 rebus
884 841 974 918 gestis
989 861 1171 919 quamquam

370 935 528 1015 imfflrium
567 934 811 998 Lacedaemoniis
851 939 1005 997 dilatatum
1043 951 1170 1017 putatur,

115 1044 214 1094 tamen
229 1052 270 1094 ne
284 1031 411 1116 minima
424 1034 545 1112 quidem
557 1055 594 1095 ex
606 1046 688 1112 parte
703 1033 829 1112 Lycurgi
837 1034 950 1112 legibus
959 1046 989 1096 et
999 1034 1171 1113 disciplinae

114 1131 292 1192 conferendi
306 1142 385 1191 sunt.
410 1132 593 1208 Quinetiam
607 1132 647 1192 ob
661 1133 714 1191 has
728 1130 806 1207 ipsas
826 1151 929 1191 causas
945 1142 976 1191 et
991 1131 1171 1208 parentiores

116 1229 285 1290 habuerunt
306 1230 453 1290 exercitus
473 1242 504 1291 et
524 1229 665 1291 fortiores.
709 1227 787 1287 Mihi
808 1227 930 1306 quidem
952 1247 1050 1304 neque
1073 1228 1171 1305 pueris
1188 1258 1217 1293 ιο

139 1388 239 1430 “M
240 1387 333 1438 ,Μ
370 1325 458 1387 nobis
483 1329 525 1387 M.
550 1326 735 1386 ScaurusC.
760 1324 857 1384 Mario
889 1342 996 1400 neque,
1020 1343 1090 1383 cum
1111 1343 1173 1384 ver-

117 1437 246 1480 nmmo
240 1401 281 1479 ‘rmus
294 1451 336 1479 0oe
374 1441 505 1482 saremur
525 1421 557 1482 in
580 1441 612 1481 re
636 1420 762 1497 publica,
787 1424 825 1494 Q.
855 1421 978 1480 Catulus
1006 1421 1061 1480 Cn
1086 1421 1173 1479 Pom·

372 1518 442 1596 peio
465 1519 572 1578 cedere
595 1517 769 1577 videbatur·
760 1560 770 1590 ,
800 1514 881 1593 parvi
902 1516 983 1575 enim
1007 1527 1076 1576 sunt
1103 1515 1172 1577 soris

117 1633 207 1685 arma,
223 1612 282 1674 uisi
298 1623 345 1674 est
365 1613 521 1673 consilium
538 1611 628 1673 domi.
671 1614 738 1672 Nec
755 1613 822 1689 plus
840 1612 1005 1684 Africanus,
1020 1611 1172 1689 singularis

118 1722 147 1770 et
172 1711 219 1771 vir
245 1721 278 1771 et
305 1709 473 1787 imperator,
501 1709 532 1769 in
553 1708 756 1770 exscindenda
783 1708 947 1768 Numantia
973 1707 1015 1768 rei
1036 1708 1171 1785 publicae
1188 1736 1215 1786 15

119 1805 228 1882 profuit
250 1825 344 1882 quam
367 1807 476 1866 eodem
503 1817 636 1883 tempore
663 1808 695 1865 P.
726 1805 836 1865 Nasica
862 1805 999 1882 privatus,
1027 1825 1097 1864 cum
1124 1805 1171 1864 Ti

120 1901 291 1963 Gracchum
312 1899 467 1963 interemit
491 1901 771 1977 Quamquamhaec
792 1899 915 1976 quidem
932 1920 977 1960 res
996 1920 1057 1960 non
1076 1903 1172 1961 solum

121 2019 156 2060 ex
168 1996 338 2059 domestica
357 2007 402 2056 est
420 1995 690 2072 ratione-attingit
709 1995 800 2055 etiam
821 1995 967 2068 bellicam,
987 1996 1129 2073 quoniam
1142 1995 1172 2056 vi

122 2107 273 2164 manuque
294 2090 432 2148 confecta
452 2089 592 2148 est—sed
612 2098 712 2146 tamen
732 2085 882 2163 idipsum
903 2099 947 2147 est
967 2100 1083 2164 gestum
1103 2107 1173 2147 con·

122 2185 186 2245 silio
206 2186 323 2245 urbano
344 2184 409 2245 sine
428 2174 566 2245 exercitu¹
610 2201 656 2259 77.
693 2184 775 2243 Illud
794 2195 895 2248 autem
914 2184 1059 2260 optimum
1076 2196 1130 2256 est,
1142 2183 1170 2243 in
1187 2213 1218 2246 20

123 2284 204 2361 quod
218 2281 322 2357 invadi
335 2284 429 2342 solere
443 2283 481 2342 ab
494 2281 636 2360 improbis
651 2293 680 2341 et
693 2281 801 2341 invidis
814 2281 924 2343 audio:

354 2397 448 2446 Cedant
461 2412 536 2446 arura
552 2386 624 2460 togu'e,
640 2397 750 2445 concedat
765 2384 851 2445 laure‘a
868 2397 945 2446 laudi.

130 2545 336 2595 damohtmsets
377 2496 421 2556 Ut
444 2493 524 2555 enim
551 2495 626 2556 alios
653 2496 798 2568 omittam,
820 2495 907 2556 nobis
934 2515 997 2556 rem
1024 2496 1174 2574 publicam

122 2598 294 2688 mm
283 2601 341 2687 εἷς(
375 2591 605 2669 gubernantibus
643 2613 743 2654 nonne
777 2605 863 2670 togae
896 2613 978 2653 arma
1001 2599 1174 2655 cesserunt?

122 2697 158 2737 ὼ
197 2697 338 2739 Catilinam
385 2690 579 2767 nequeenim
592 2688 778 2767 periculum
770 2709 801 2748 ru
815 2690 966 2767 republica
985 2690 1040 2749 suit
1060 2690 1173 2767 gravius
1188 2714 1218 2763 25

122 2747 339 2888 {affligem
260 2809 340 2848 owner
377 2808 521 2866 umquam
548 2808 605 2848 nec
631 2789 727 2847 maius
755 2788 863 2850 otium:
893 2788 934 2848 ita
904 2789 1090 2849 tconsiliis
1112 2789 1176 2848 dili·

147 2860 162 2898 ᾳ
375 2886 533 2964 gentiaque
557 2896 657 2945 nostra
676 2884 809 2944 celeriter
828 2885 868 2944 de
890 2884 1026 2945 manibus
1045 2885 1176 2955 audacis-

123 2983 268 3044 simorum
294 2982 406 3076 cir‘mm
433 2985 555 3060 delapsa
581 3002 663 3041 arma
689 2980 754 3058 ipsa
780 2981 959 3040 ceciderunt.
1016 2983 1103 3056 Quae
1129 2999 1175 3039 res

124 3078 210 3157 igitur
227 3090 314 3157 gesta
328 3099 470 3156 umquam
490 3079 521 3139 in
541 3078 621 3139 bello
642 3079 747 3138 tanta?
768 3076 819 3152 qui
839 3076 1005 3154 triumphus
1024 3078 1177 3136 conseren-

124 3181 205 3239 dus?
247 3180 294 3252 78.
336 3170 421 3238 Licet
441 3176 522 3238 enim
542 3175 624 3247 mihi,
647 3178 749 3235 Marce
769 3174 819 3248 fili,
841 3176 922 3251 apud
942 3186 972 3234 te
992 3172 1116 3257 gloriari,
1137 3175 1176 3232 ad
1190 3194 1221 3241 50

125 3295 216 3353 quem
236 3287 268 3335 et
287 3275 436 3335 hereditas
456 3273 544 3333 huius
564 3272 673 3350 gloriae
694 3282 723 3331 et
745 3270 911 3330 factorum
903 3270 1028 3329 imitatio
1042 3269 1175 3346 pertinet

125 3373 205 3434 Mihi
229 3372 353 3450 quidem
374 3383 452 3432 certe
472 3371 517 3430 vir
536 3371 692 3431 abundans
712 3368 824 3429 bellicis
845 3367 990 3454 laudibus,
1013 3367 1068 3426 Cn
1091 3367 1178 3425 Pom-

125 3470 219 3548 peius,
247 3467 349 3528 multis
376 3466 564 3527 audientibus
591 3466 650 3524 hoe
677 3463 786 3536 tribuit,
815 3474 849 3523 ut
876 3448 987 3521 diceret
1014 3461 1119 3518 frustra
1145 3479 1177 3521 se

177 3629 415 3696 qlaoedaemoniis
436 3636 537 3694 putatur
557 3626 623 3675 codd.
641 3626 733 3690 vulgo,·
753 3625 851 3674 valletur
865 3621 978 3670 exailr'sse
993 3621 1094 3670 verbum
1111 3622 1178 3671 velut

128 3714 297 3769 coustitutum.
315 3719 442 3776 paratum
466 3708 670 3758 Lacedaemoniis
687 3715 786 3771 putatur
802 3705 933 3754 dilatatum
947 3717 977 3752 ax
991 3718 1041 3752 uno
1054 3703 1178 3754 codr’ceBe

134 3790 182 3845 Or.
192 3802 289 3860 partum
300 3790 540 3851 ins'eritlambinus,
555 3789 643 3856 mpii
656 3787 732 3849 Muu
769 3800 799 3838 aa
812 3793 860 3854 pro
871 3783 939 3835 laudi
954 3783 1024 3833 habet
1038 3783 1094 3850 paci
1111 3799 1178 3834 unus

122 3869 362 3917 mob'anela
556 3898 559 3902 ι
