2580 4184
128 155 168 230 38
245 163 246 166 ’
417 155 467 213 De
484 170 516 210 eo
529 157 618 227 parte
634 149 741 209 Decori
758 170 832 227 quae
849 141 900 209 ad
977 145 1006 231 [Ι
1021 167 1103 223 xxix
1120 169 1174 224 103

127 327 264 380 careant:
292 337 330 378 ex
351 337 412 394 quo
436 315 564 377 elucebit
587 315 683 376 omnis
707 315 873 377 constantia
896 315 1053 393 omnisque
1076 318 1178 377 mode-

127 417 212 477 ratio.
267 418 347 474 Nam
374 414 426 492 qui
452 414 600 492 appetitus
625 414 742 492 longius
769 425 930 492 evagantur
961 426 992 476 et
1025 426 1177 490 tamquam

129 517 293 576 exultantes
320 512 381 573 sive
408 512 558 589 cupiendo
585 511 647 572 sive
674 511 815 588 fugiendo
842 531 904 572 non
931 511 1001 576 satis
1024 531 1043 570 a
1065 511 1178 572 ratione

127 610 297 684 retinentur,
326 609 347 669 ii
380 609 444 670 sine
471 609 564 669 dubio
591 611 682 669 finem
710 620 740 669 et
766 610 892 669 modum
919 620 1077 679 transeunt
1121 613 1185 673 Re.
1217 614 1220 622 '

127 709 265 784 linquunt
291 707 372 768 enim
400 719 430 769 et
453 706 585 768 abiciunt
609 706 831 767 oboedientiam
853 727 909 768 nec
936 706 1042 767 rationi
1065 719 1177 785 parent,
1208 728 1222 776 5

128 804 177 864 cui
204 815 272 864 sunt
300 803 423 864 subiecti
450 806 516 880 lege
542 814 682 863 naturae:
713 802 861 878 aquibus
886 822 947 862 non
971 803 1063 862 modo
1087 803 1179 863 animi

128 903 342 980 perturbantur,
366 901 529 961 sedetiam
549 919 680 976 corpora
723 899 808 959 Licet
829 918 881 959 ora
900 898 964 977 ipsa
984 918 1104 959 cernere
1127 899 1180 958 ira-

35 1072 38 1077 ·
128 1013 227 1066 torum
250 1012 302 1061 aut
323 1019 426 1062 eorum
450 999 501 1075 qui
525 1010 577 1058 aut
597 998 719 1058 libidine
740 997 839 1074 aliqua
859 1008 910 1058 aut
933 1010 1015 1058 metu
1036 997 1180 1058 commoti

156 1111 203 1163 (Aa)
232 1111 341 1152 noseor-
380 1104 449 1153 sunt
476 1104 527 1152 aut
560 1095 713 1169 voluptate
746 1090 838 1151 nimia
870 1091 1017 1168 gestiunt:
1052 1111 1179 1168 quorum

129 1162 343 1264 illitiiho‘ulillm
380 1189 515 1251 omnium
535 1192 642 1264 voltus,
655 1209 753 1264 voces,
775 1200 874 1249 motus
894 1200 1046 1266 statusque
1066 1200 1180 1248 mutan·
1194 1177 1234 1244 10'

154 1310 184 1362 (α)
203 1318 225 1351 ω
242 1310 343 1352 cultivate
382 1294 436 1343 tur.
482 1283 547 1360 103.
591 1285 637 1342 Ex
658 1282 765 1359 quibus
786 1282 860 1342 illud
881 1281 1065 1360 intellegitur,
1087 1294 1120 1342 ut
1141 1284 1180 1343 ad

129 1362 344 1462 ἶξοῗζέῑῗζῖἔῗξ
382 1379 471 1440 officii
484 1382 609 1440 formam
628 1391 815 1453 revertamur,
830 1377 977 1456 appetitus
994 1398 1098 1439 omnes
1112 1399 1181 1439 con-

129 1462 345 1563 {',‚⁰{¹,¹c¹,⁰e¹(¹f³f,¹,‘{,¹}2,²
381 1476 541 1535 trahendos
559 1477 768 1552 sedandosque
782 1495 846 1536 esse
860 1475 1107 1552 excitandamque
1117 1475 1181 1534 ,ani-

129 1562 347 1663 l'ffgssssplgly‘ffl}
381 1570 618 1632 madversionem
645 1583 675 1632 et
700 1571 891 1650 diligentiam,
914 1583 948 1632 ut
975 1592 1013 1633 ne
1040 1572 1114 1648 quid
1141 1585 1182 1633 te-

130 1662 235 1714 R²³¹¹⁶¹y2
381 1687 462 1729 mere
483 1688 519 1727 ac
540 1668 670 1742 fortuito,
695 1668 912 1729 inconsiderate
934 1671 1180 1748 neglegenterque
1194 1693 1222 1742 15

130 1783 260 1840 agamus.
303 1765 411 1842 Neque
438 1766 519 1827 enim
545 1765 586 1826 ita
613 1766 743 1844 generati
769 1787 788 1826 a
814 1778 917 1826 natura
944 1787 1054 1842 sumus,
1082 1779 1115 1828 ut
1142 1770 1181 1829 ad

130 1861 236 1919 ludum
258 1870 289 1922 et
310 1862 410 1922 iocum
434 1863 504 1922 sacti
527 1882 592 1923 esse
616 1862 776 1938 videamur,
808 1864 848 1923 ad
869 1863 1054 1924 severitatem
1080 1864 1180 1942 potius

131 1958 223 2017 etad
246 1960 395 2035 quaedam
420 1959 518 2019 studia
538 1958 671 2038 graviora
694 1971 783 2035 atque
806 1959 925 2019 maiora
969 1962 1056 2021 Ludo
1081 1972 1181 2020 autem

130 2065 160 2113 et
187 2053 255 2114 ioco
282 2054 326 2115 uti
353 2055 404 2116 illo
427 2055 548 2132 quidem
572 2055 650 2128 licet,
676 2058 729 2116 sed
761 2055 837 2116 sicut
859 2076 966 2116 somno
984 2067 1014 2116 et
1031 2055 1181 2133 quietibus

129 2149 234 2211 ceteris
271 2161 343 2224 tum,
362 2171 432 2211 curn
459 2152 594 2229 gravibus
629 2152 769 2228 seriisque
797 2152 883 2211 rebus
911 2151 980 2211 satis
1014 2151 1178 2213 fecerimus.
1192 2181 1222 2214 20

131 2252 294 2327 Ipsumque
312 2270 406 2328 genus
423 2249 542 2309 iocandi
561 2269 623 2310 non
641 2252 794 2326 profusum
813 2269 868 2310 nec
885 2249 1106 2324 immodestum,
1126 2252 1181 2310 sed

129 2346 291 2435 ingenuum
305 2360 335 2407 et
348 2349 477 2406 facetum
492 2365 557 2406 esse
571 2346 671 2407 debet.
712 2350 756 2409 Ut
776 2347 857 2408 enim
870 2347 968 2424 pueris
982 2367 1043 2407 non
1057 2366 1180 2409 omnem

129 2444 253 2504 ludendi
275 2444 424 2503 licentiam
447 2444 561 2516 damus,
584 2445 638 2503 sed
660 2463 727 2503 eam
749 2463 825 2520 quae
847 2444 885 2504 ab
907 2444 1069 2505 honestatis
1091 2447 1181 2508 actio

130 2541 217 2601 nibus
242 2561 301 2600 non
327 2540 364 2600 sit
386 2539 491 2617 aliena,
516 2538 558 2599 sic
582 2539 701 2618 inipso
725 2541 791 2602 ioco
816 2541 938 2617 aliquod
960 2543 1045 2619 probi
1068 2543 1180 2622 ingenii

131 2653 208 2713 laurei
224 2653 242 2693 rs
259 2654 343 2712 osfltwo
382 2637 484 2694 lumen
518 2638 642 2696 eluceat.
701 2657 765 2710 104.
823 2639 943 2714 Duplex
976 2618 1100 2699 omnino
1135 2654 1222 2713 est25

130 2703 342 2804 ilbdil'cetil‘l‘slm
380 2734 499 2795 iocandi
519 2755 630 2812 genus:
651 2755 745 2795 unum
763 2735 914 2796 inliberale
941 2739 1085 2813 petulanS,
1101 2739 1181 2814 flagi-
1203 2718 1205 2724 Ι

130 2826 239 2886 tiosum
277 2827 449 2904 obscenum,
477 2832 602 2891 alterum
625 2833 755 2908 elegans
798 2832 952 2905 urbanum,
981 2833 1169 2910 ingeniosum

130 2923 267 2981 facetum.
310 2925 380 2999 Quo
394 2945 500 3003 genere
514 2946 576 2986 non
590 2928 682 2986 modo
705 2928 825 2985 Plautus
847 2939 946 2988 noster
961 2939 991 2989 et
1011 2928 1180 2988 Atticorum

96 3042 97 3046 ¹
129 3018 251 3094 antiqua
279 3022 443 3096 comoedia,
472 3023 526 3082 sed
559 3022 649 3082 etiam
683 3021 929 3099 philosophorum
962 3024 1178 3084 Socraticorum

128 3115 195 3177 libri
227 3116 325 3179 referti
359 3131 435 3194 sunt,
470 3123 622 3197 multaque
656 3123 816 3182 multorum
844 3124 938 3182 facete
966 3121 1053 3195 dicta,
1082 3135 1115 3183 ut
1142 3144 1179 3206 ea
1191 3150 1223 3198 30

129 3234 205 3291 quae
226 3234 245 3274 a
266 3234 337 3276 sene
356 3218 471 3279 Catone
493 3221 618 3279 collecta
641 3231 718 3292 sunt,
740 3240 817 3296 quae
835 3231 943 3280 vocant
961 3217 1176 3301 ἀποφθέγματα.

130 3312 237 3372 Facilis
260 3312 348 3390 igitur
367 3325 412 3375 est
432 3315 583 3376 distinctio
607 3316 727 3394 ingenui
753 3328 783 3377 et
810 3316 968 3377 inliberalis
995 3315 1063 3377 ioci.
1094 3320 1181 3382 Alter

132 3420 185 3482 est,
201 3407 225 3468 si
244 3419 378 3484 tempore
392 3409 433 3475 fit,
448 3417 481 3466 ut
499 3406 523 3465 si
542 3405 664 3465 remisso
683 3405 791 3478 animo,
807 3425 910 3482 magno
927 3405 1048 3466 homine
1063 3406 1179 3485 dignus,
1198 3429 1201 3433 ·

133 3496 207 3555 alter
233 3515 271 3555 ne
298 3496 391 3555 libero
418 3494 548 3571 quidem,
570 3493 595 3553 si
614 3516 711 3556 rerum
739 3499 911 3575 turpitudini
939 3500 1096 3560 adhibetur
1114 3521 1179 3563 ver-

180 3655 212 3703 ²3
228 3640 339 3691 honestis
350 3641 384 3691 H.
396 3647 480 3689 contra
490 3639 555 3689 codd.
617 3644 627 3699 ΙΙ
696 3656 726 3704 33
744 3641 772 3691 fit
783 3649 826 3692 aut
836 3642 857 3692 si
869 3643 970 3693 remisso
981 3644 1072 3705 animo,
1087 3661 1178 3710 magno

132 3718 234 3770 homine
250 3721 339 3785 dignus
355 3721 465 3783 Madvig
481 3722 529 3779 Ba,
551 3719 586 3770 fir.
607 3728 635 3770 ut
653 3719 695 3786 (et)
713 3722 734 3771 si
751 3723 853 3773 remisso
869 3725 953 3775 animo
968 3725 1069 3776 homine
1085 3727 1177 3790 dignus

121 3802 213 3856 medas
226 3801 263 3860 fit,
277 3800 382 3850 remisso
396 3799 500 3851 homine
514 3801 604 3867 dignus
620 3803 657 3852 Or
666 3802 710 3864 Bc,
728 3800 764 3862 fit,
777 3801 845 3852 haud
859 3803 961 3853 remisso
971 3802 1064 3861 animo,
1074 3801 1181 3862 homine
