2580 4184
138 202 195 243 120
388 174 438 238 De
456 174 626 238 contentione
645 174 773 235 Honesti
787 180 816 234 et
839 172 927 235 Wz'ltk
981 170 1048 255 [111
1061 190 1128 233 xvir
1144 189 1182 250 70

136 345 350 398 terminentur
386 342 530 421 gentium,
560 343 642 420 quod
676 353 776 402 autem
810 340 951 418 gentium,
980 339 1061 400 idem
1095 339 1181 400 civile

51 439 52 442 ,
135 399 172 439 the
178 396 322 442 Groundwork
328 395 353 436 os

136 445 349 548 ffinlffsssspsshgffi
388 460 453 501 esse
480 441 578 500 debet.
622 441 682 500 Sed
709 458 766 498 nos
792 438 854 498 veri
874 437 944 497 iuris
964 457 1182 515 germanaeque

136 549 350 639 {ffitofirfpffieffij
388 539 517 601 iustitiae
538 538 664 598 solidam
687 547 717 597 et
737 555 907 612 expressam
928 535 1056 612 effigiem
1069 537 1181 595 nullam

135 648 351 749 iibcelnilzl‘iti'ii
389 649 534 707 tenemus,
563 635 669 694 umbra
696 645 727 693 et
756 631 934 710 imaginibus
961 631 1079 692 utimur.
1122 635 1182 693 Eas

135 748 350 798 thelormerasthey
388 752 468 810 rpsas
494 731 609 792 utinam
636 734 845 806 sequeremur!
880 731 1011 789 seruntur
1039 729 1117 790 enim
1146 750 1182 791 ex
1209 746 1225 800 5

134 812 286 912 ”ssxoeuenoe
327 869 353 910 0,
388 828 508 906 optimis
523 837 646 887 naturae
660 837 690 886 et
704 825 835 886 veritatis
849 826 1001 902 exemplis.
1033 843 1077 902 70.
1102 829 1182 887 Nam

134 921 269 1014 gewroman
300 920 349 962 civil
387 920 491 998 quanti
509 920 600 979 verba
619 919 683 978 illa:
702 935 754 977 viu
774 936 818 978 nu
832 935 975 977 exornari
988 937 1029 978 ΤΕ
1043 936 1183 978 nonnus:

160 1047 273 1139 trampus
286 1048 350 1088 orm.
388 1037 474 1079 avan
509 1036 624 1079 cxrrvs
659 1034 881 1077 xxxvnxrvsvn
908 1020 980 1077 sur!
1016 1036 1105 1093 quam
1133 1017 1183 1077 illa
1221 1012 1224 1016 ’

134 1099 350 1199 ξξίἢῇᾭξξῃξζζ
388 1135 492 1176 aurea:
507 1133 547 1174 vr
561 1131 659 1174 runnu
674 1131 775 1175 nonos
787 1132 870 1174 anun
880 1132 977 1175 norun
989 1132 1132 1174 oroxrsr
1143 1133 1182 1174 rr

135 1200 243 1242 “m
387 1229 459 1272 srxu
488 1208 728 1272 uxxvnirronul
770 1213 831 1272 Sed
858 1211 910 1289 qui
938 1212 997 1273 sint
1023 1212 1127 1273 ‘boni'
1153 1225 1182 1272 et
1196 1246 1225 1282 10

136 1311 209 1389 quid
223 1311 261 1371 sit
276 1313 367 1371 ‘bene
381 1309 440 1387 agi'
461 1329 568 1386 magna
582 1310 716 1386 quaestio
731 1320 784 1370 est.
828 1311 864 1385 Q.
888 1309 1010 1387 quidem
1030 1312 1180 1386 Scaevola,

134 1408 270 1487 pontifex
287 1408 442 1481 maximus,
458 1426 606 1467 summam
624 1407 686 1467 vim
705 1426 770 1467 esse
793 1407 913 1467 dicebat
934 1406 974 1467 in'
986 1407 1125 1468 omnibus
1146 1408 1182 1469 iis

135 1505 270 1577 arbitriis,
292 1504 324 1565 in
345 1503 454 1582 quibus
474 1505 633 1565 adderetur
655 1522 696 1564 nx
721 1522 795 1563 nou
817 1521 910 1578 noun,
932 1505 1063 1582 fideique
1083 1509 1182 1568 bonae

135 1623 247 1664 nomen
267 1602 456 1663 existimabat
476 1622 597 1663 manare
618 1601 770 1675 latissime,
788 1603 880 1678 idque
900 1603 1010 1663 versari
1031 1604 1061 1663 in
1082 1606 1181 1666 tutelis

135 1699 335 1773 societatibus,
356 1700 472 1761 fiduciis
500 1700 657 1775 mandatis,
688 1702 776 1761 rebus
807 1701 914 1778 emptis
942 1701 1079 1776 venditis,
1111 1722 1225 1776 con-15

136 1797 233 1858 ductis
248 1798 362 1872 locatis,
377 1798 487 1875 quibus
500 1798 577 1859 vitae
592 1797 720 1858 societas
739 1797 953 1859 contineretur:
974 1798 1005 1858 in
1026 1798 1061 1859 iis
1082 1801 1181 1876 magni

136 1916 202 1956 esse
235 1895 341 1956 iudicis
376 1907 515 1970 statuere,
542 1896 715 1974 praesertim
750 1915 819 1956 cum
845 1895 878 1955 in
905 1895 1054 1974 plerisque
1082 1911 1181 1960 essent

136 1992 245 2053 iudicia
266 1993 420 2067 contraria,
442 1994 515 2071 quid
535 2013 684 2071 quemque
712 1993 819 2070 cuique
846 2006 995 2071 praestare
1022 2007 1178 2073 oporteret.

139 2105 186 2164 71.
229 2090 378 2166 Quocirca
391 2089 517 2151 astutiae
531 2091 683 2151 tollendae
697 2101 766 2150 sunt
780 2109 876 2167 eaque
891 2090 1010 2165 malitia,
1027 2111 1103 2169 quae
1117 2095 1181 2153 volt

136 2185 187 2245 illa
207 2186 330 2263 quidem
350 2186 445 2247 videri
465 2207 497 2247 se
518 2207 584 2248 esse
607 2188 804 2264 prudentiam,
830 2188 882 2247 sed
903 2189 989 2248 abest
1009 2189 1047 2249 ab
1068 2209 1105 2249 ea
1124 2189 1181 2250 dis·
1194 2211 1226 2246 20

136 2293 238 2357 tatque
252 2283 419 2358 plurimum.
456 2283 617 2343 Prudentia
638 2294 683 2344 est
704 2284 784 2344 enim
805 2286 903 2344 locata
916 2283 945 2343 in
962 2284 1073 2345 dilectu
1087 2287 1181 2346 bono

135 2396 201 2436 rum
231 2387 260 2436 et
289 2377 444 2450 malorum,
466 2379 586 2452 malitia,
609 2378 632 2438 si
656 2379 766 2453 omnia,
789 2399 865 2456 quae
886 2380 983 2457 turpia
1003 2391 1078 2455 sunt,
1101 2384 1180 2442 mala

136 2487 213 2548 sunt,
235 2476 314 2535 mala
334 2474 421 2536 bonis
441 2475 527 2552 ponit
551 2487 627 2536 anta
672 2479 738 2536 Nec
766 2496 838 2537 vero
867 2476 898 2536 in
928 2478 1055 2555 praediis
1084 2480 1180 2540 solum

134 2573 181 2633 ius
208 2573 293 2633 civile
321 2575 446 2633 ductum
472 2592 491 2633 a
517 2584 623 2633 natura
650 2575 793 2634 malitiam
821 2576 1014 2653 fraudemque
1040 2575 1179 2651 vindicat,

135 2670 189 2730 sed
211 2670 299 2730 etiam
320 2669 351 2730 in
372 2669 588 2748 mancipiorum
608 2672 781 2733 venditione
801 2672 964 2733 venditoris
986 2675 1062 2733 fraus
1084 2674 1180 2734 omnis
1192 2707 1222 2758 ²5

166 2831 299 2862 neoucnox
383 2767 558 2828 excluditur.
610 2769 671 2844 Qui
697 2769 778 2831 enim
807 2771 882 2831 scire
910 2771 1013 2831 debuit
1040 2773 1078 2832 de
1106 2772 1180 2831 sani-

160 2869 182 2911 lt
198 2872 216 2911 is
230 2885 244 2911 a
258 2872 310 2912 ΙΝ
325 2872 350 2913 0f
385 2876 455 2938 tate,
471 2866 509 2925 de
524 2867 602 2944 suga,
618 2867 656 2927 de
671 2866 763 2940 furtis,
778 2877 909 2944 praestat
920 2867 1018 2928 edicto
1028 2868 1177 2929 aedilium.

135 2920 225 2970 Nature,
249 2921 295 2962 that
315 2935 347 2962 we

134 2972 350 3071 ffiiig‘ississssriss}
388 2963 545 3024 Heredum
566 2963 624 3022 alia
644 2983 735 3024 causa
762 2975 817 3024 est.
860 2981 906 3040 72.
937 2960 983 3024 Ex
1011 2985 1071 3041 quo
1098 2964 1181 3025 intel-

135 3072 203 3112 mans
215 3071 346 3130 ignorem.
387 3055 501 3133 legitur,
523 3055 666 3133 quoniam
686 3056 757 3117 iuris
778 3068 883 3116 natura
903 3057 970 3116 sons
992 3057 1037 3130 sit,
1059 3060 1117 3118 hoc
1137 3078 1181 3118 se·

135 3122 273 3213 {hillini
298 3132 348 3212 ιῖιῗξῖ
386 3152 520 3210 cundum
541 3162 677 3211 naturam
698 3170 773 3224 esse,
788 3150 941 3211 neminem
952 3151 983 3211 id
997 3171 1084 3229 agere
1097 3164 1130 3212 ut
1144 3173 1180 3213 ex
1193 3181 1225 3230 30

135 3222 348 3332 ffiigh‘bssffi
386 3245 507 3306 alterius
527 3248 686 3323 praedetur
706 3246 830 3308 inscitia
875 3249 942 3308 Nec
962 3250 1022 3308 ulla
1035 3249 1180 3326 pernicies

135 3323 332 3365 ⁰¹³⁵¹⁴⁰sw¹⁵d⁰¹¹¹'
384 3342 462 3403 vitae
490 3343 585 3404 maior
610 3343 737 3405 inveniri
763 3357 864 3423 potest
895 3366 985 3423 quarn
1012 3348 1044 3407 in
1070 3348 1181 3408 malitia

136 3437 285 3498 simulatio
305 3437 532 3517 intellegentiae,
554 3460 591 3501 ex
609 3460 670 3518 quo
689 3441 747 3501 ista
767 3441 994 3502 innumerabilia
1012 3460 1180 3513 nascunmr,

134 3547 168 3596 ut
201 3535 285 3595 utilia
312 3554 380 3595 cum
411 3537 545 3598 honestis
572 3557 703 3617 pugnare
734 3537 897 3599 videantur.
950 3541 1070 3616 Quotus
1098 3542 1177 3601 enim

183 3719 199 3770 9
221 3711 246 3754 et
266 3705 383 3755 suadente
406 3705 496 3756 Orellio
515 3713 587 3756 extro
599 3707 742 3771 formulam
758 3709 843 3773 pontit
857 3709 888 3758 St
921 3711 931 3768 ΙΙ
968 3723 996 3758 21
1018 3710 1116 3760 delectu
1135 3711 1178 3771 Or,

127 3783 295 3845 cniectuffas
314 3786 413 3837 ‘autin
431 3788 529 3840 delectu
542 3789 665 3841 bonorum
681 3797 726 3842 out
740 3790 769 3842 in
782 3790 876 3842 dilectu
884 3790 1010 3841 bonorum
1024 3793 1182 3842 etmalorum

108 3857 305 3914 diadumeno
310 3867 439 3928 φανά]
452 3871 488 3921 St
