<?xml version="1.0" encoding="UTF-8"?>
<!DOCTYPE html PUBLIC "-//W3C//DTD XHTML 1.0 Transitional//EN"
    "http://www.w3.org/TR/xhtml1/DTD/xhtml1-transitional.dtd">
<html xmlns="http://www.w3.org/1999/xhtml" xml:lang="en" lang="en">
 <head>
  <title>
</title>
<meta http-equiv="Content-Type" content="text/html;charset=utf-8" />
  <meta name='ocr-system' content='tesseract 3.04.00' />
  <meta name='ocr-capabilities' content='ocr_page ocr_carea ocr_par ocr_line ocrx_word'/>
</head>
<body>
  <div class='ocr_page' id='page_1' title='image "./mtvlliciceronis00holdgoog_0159.png"; bbox 0 0 2580 4184; ppageno 0'>
   <div class='ocr_carea' id='block_1_1' title="bbox 128 193 1175 279">
    <p class='ocr_par' dir='ltr' id='par_1_1' title="bbox 128 193 1175 279">
     <span class='ocr_line' id='line_1_1' title="bbox 128 193 1175 279; baseline -0.002 -20"><span class='ocrx_word' id='word_1_1' title='bbox 128 193 329 279; x_wconf 78' lang='lat' dir='ltr'><strong>111xv1169]</strong></span> <span class='ocrx_word' id='word_1_2' title='bbox 381 198 433 260; x_wconf 83' lang='lat' dir='ltr'><strong>De</strong></span> <span class='ocrx_word' id='word_1_3' title='bbox 448 199 618 261; x_wconf 73' lang='lat' dir='ltr'><strong>contentione</strong></span> <span class='ocrx_word' id='word_1_4' title='bbox 637 199 765 260; x_wconf 76' lang='lat' dir='ltr'><strong>Honesti</strong></span> <span class='ocrx_word' id='word_1_5' title='bbox 778 205 808 259; x_wconf 83' lang='lat' dir='ltr'><strong>et</strong></span> <span class='ocrx_word' id='word_1_6' title='bbox 831 198 919 261; x_wconf 69' lang='lat' dir='ltr'><strong>(aaa</strong></span> <span class='ocrx_word' id='word_1_7' title='bbox 1119 216 1175 272; x_wconf 81' lang='lat' dir='ltr'><strong>tro</strong></span> 
     </span>
    </p>
   </div>
   <div class='ocr_carea' id='block_1_2' title="bbox 124 363 1217 829">
    <p class='ocr_par' dir='ltr' id='par_1_2' title="bbox 124 363 1217 829">
     <span class='ocr_line' id='line_1_2' title="bbox 126 363 1176 444; baseline 0.002 -20"><span class='ocrx_word' id='word_1_8' title='bbox 126 383 189 426; x_wconf 89' lang='lat' dir='ltr'><strong>non</strong></span> <span class='ocrx_word' id='word_1_9' title='bbox 214 375 295 425; x_wconf 87' lang='lat' dir='ltr'><strong>recte</strong></span> <span class='ocrx_word' id='word_1_10' title='bbox 320 363 441 426; x_wconf 89' lang='lat' dir='ltr'><strong>aedium</strong></span> <span class='ocrx_word' id='word_1_11' title='bbox 463 364 666 444; x_wconf 88' lang='lat' dir='ltr'><strong>pestilentium</strong></span> <span class='ocrx_word' id='word_1_12' title='bbox 689 365 827 427; x_wconf 90' lang='lat' dir='ltr'><strong>venditor</strong></span> <span class='ocrx_word' id='word_1_13' title='bbox 849 365 949 426; x_wconf 88' lang='lat' dir='ltr'><strong>tacuit.</strong></span> <span class='ocrx_word' id='word_1_14' title='bbox 991 366 1052 427; x_wconf 88' lang='lat' dir='ltr'><strong>Sed</strong></span> <span class='ocrx_word' id='word_1_15' title='bbox 1075 364 1176 426; x_wconf 88' lang='lat' dir='ltr'><strong>huius·</strong></span> 
     </span>
     <span class='ocr_line' id='line_1_3' title="bbox 127 459 1176 539; baseline 0.002 -18"><span class='ocrx_word' id='word_1_16' title='bbox 127 460 210 522; x_wconf 91' lang='lat' dir='ltr'><strong>modi</strong></span> <span class='ocrx_word' id='word_1_17' title='bbox 229 459 399 522; x_wconf 83' lang='lat' dir='ltr'><strong>reticentiae</strong></span> <span class='ocrx_word' id='word_1_18' title='bbox 419 459 482 523; x_wconf 91' lang='lat' dir='ltr'><strong>iure</strong></span> <span class='ocrx_word' id='word_1_19' title='bbox 502 460 580 522; x_wconf 90' lang='lat' dir='ltr'><strong>civili</strong></span> <span class='ocrx_word' id='word_1_20' title='bbox 600 480 705 523; x_wconf 90' lang='lat' dir='ltr'><strong>omnes</strong></span> <span class='ocrx_word' id='word_1_21' title='bbox 726 461 938 539; x_wconf 85' lang='lat' dir='ltr'><strong>comprehendi</strong></span> <span class='ocrx_word' id='word_1_22' title='bbox 958 480 1020 522; x_wconf 93' lang='lat' dir='ltr'><strong>non</strong></span> <span class='ocrx_word' id='word_1_23' title='bbox 1033 472 1176 539; x_wconf 87' lang='lat' dir='ltr'><strong>possunt:</strong></span> 
     </span>
     <span class='ocr_line' id='line_1_4' title="bbox 126 558 1174 638; baseline 0.001 -19"><span class='ocrx_word' id='word_1_24' title='bbox 126 578 204 638; x_wconf 90' lang='lat' dir='ltr'><strong>quae</strong></span> <span class='ocrx_word' id='word_1_25' title='bbox 230 570 331 620; x_wconf 89' lang='lat' dir='ltr'><strong>autem</strong></span> <span class='ocrx_word' id='word_1_26' title='bbox 357 569 489 636; x_wconf 86' lang='lat' dir='ltr'><strong>possunt,</strong></span> <span class='ocrx_word' id='word_1_27' title='bbox 512 559 667 637; x_wconf 83' lang='lat' dir='ltr'><strong>diligenter</strong></span> <span class='ocrx_word' id='word_1_28' title='bbox 687 570 833 620; x_wconf 90' lang='lat' dir='ltr'><strong>tenentur.</strong></span> <span class='ocrx_word' id='word_1_29' title='bbox 878 561 921 619; x_wconf 83' lang='lat' dir='ltr'><strong>NL</strong></span> <span class='ocrx_word' id='word_1_30' title='bbox 945 558 1059 620; x_wconf 88' lang='lat' dir='ltr'><strong>Marius</strong></span> <span class='ocrx_word' id='word_1_31' title='bbox 1081 559 1174 620; x_wconf 89' lang='lat' dir='ltr'><strong>Grati·</strong></span> 
     </span>
     <span class='ocr_line' id='line_1_5' title="bbox 376 653 1174 733; baseline 0.001 -18"><span class='ocrx_word' id='word_1_32' title='bbox 376 654 492 730; x_wconf 82' lang='lat' dir='ltr'><strong>dianus,</strong></span> <span class='ocrx_word' id='word_1_33' title='bbox 519 655 703 733; x_wconf 92' lang='lat' dir='ltr'><strong>propinquus</strong></span> <span class='ocrx_word' id='word_1_34' title='bbox 731 665 838 728; x_wconf 89' lang='lat' dir='ltr'><strong>noster,</strong></span> <span class='ocrx_word' id='word_1_35' title='bbox 871 655 906 716; x_wconf 88' lang='lat' dir='ltr'><strong>C.</strong></span> <span class='ocrx_word' id='word_1_36' title='bbox 936 653 1037 731; x_wconf 89' lang='lat' dir='ltr'><strong>Sergio</strong></span> <span class='ocrx_word' id='word_1_37' title='bbox 1065 657 1174 717; x_wconf 84' lang='lat' dir='ltr'><strong>Oratae</strong></span> 
     </span>
     <span class='ocr_line' id='line_1_6' title="bbox 124 718 1217 829; baseline 0.005 -17"><span class='ocrx_word' id='word_1_38' title='bbox 124 718 306 819; x_wconf 46' lang='lat' dir='ltr'><strong>stillicida?</strong></span> <span class='ocrx_word' id='word_1_39' title='bbox 316 718 343 811; x_wconf 67' lang='lat' dir='ltr'><strong>ii</strong></span> <span class='ocrx_word' id='word_1_40' title='bbox 375 752 550 814; x_wconf 82' lang='lat' dir='ltr'><strong>vendiderat</strong></span> <span class='ocrx_word' id='word_1_41' title='bbox 576 753 666 812; x_wconf 92' lang='lat' dir='ltr'><strong>aedes</strong></span> <span class='ocrx_word' id='word_1_42' title='bbox 699 769 759 824; x_wconf 91' lang='lat' dir='ltr'><strong>eas,</strong></span> <span class='ocrx_word' id='word_1_43' title='bbox 787 770 862 828; x_wconf 90' lang='lat' dir='ltr'><strong>quas</strong></span> <span class='ocrx_word' id='word_1_44' title='bbox 895 751 934 810; x_wconf 90' lang='lat' dir='ltr'><strong>ab</strong></span> <span class='ocrx_word' id='word_1_45' title='bbox 968 751 1076 812; x_wconf 90' lang='lat' dir='ltr'><strong>eodem</strong></span> <span class='ocrx_word' id='word_1_46' title='bbox 1110 751 1173 829; x_wconf 89' lang='lat' dir='ltr'><strong>ipse</strong></span> <span class='ocrx_word' id='word_1_47' title='bbox 1203 766 1217 817; x_wconf 85' lang='lat'>⁵</span> 
     </span>
    </p>
   </div>
   <div class='ocr_carea' id='block_1_3' title="bbox 124 831 1174 928">
    <p class='ocr_par' dir='ltr' id='par_1_3' title="bbox 124 831 1174 928">
     <span class='ocr_line' id='line_1_7' title="bbox 124 831 1174 928; baseline -0.003 -16"><span class='ocrx_word' id='word_1_48' title='bbox 124 831 339 912; x_wconf 56' lang='lat' dir='ltr'><strong>llil2¹3¹⁰⁵hllii¹l</strong></span> <span class='ocrx_word' id='word_1_49' title='bbox 374 847 476 926; x_wconf 91' lang='lat' dir='ltr'><strong>paucis</strong></span> <span class='ocrx_word' id='word_1_50' title='bbox 503 859 572 909; x_wconf 88' lang='lat' dir='ltr'><strong>ante</strong></span> <span class='ocrx_word' id='word_1_51' title='bbox 599 847 685 908; x_wconf 92' lang='lat' dir='ltr'><strong>annis</strong></span> <span class='ocrx_word' id='word_1_52' title='bbox 712 858 830 908; x_wconf 83' lang='lat' dir='ltr'><strong>emerat.</strong></span> <span class='ocrx_word' id='word_1_53' title='bbox 874 849 937 906; x_wconf 92' lang='lat' dir='ltr'><strong>Eae</strong></span> <span class='ocrx_word' id='word_1_54' title='bbox 963 844 1088 928; x_wconf 89' lang='lat' dir='ltr'><strong>[Sergio]</strong></span> <span class='ocrx_word' id='word_1_55' title='bbox 1117 867 1174 909; x_wconf 89' lang='lat' dir='ltr'><strong>ser-</strong></span> 
     </span>
    </p>
   </div>
   <div class='ocr_carea' id='block_1_4' title="bbox 124 921 1171 1023">
    <p class='ocr_par' dir='ltr' id='par_1_4' title="bbox 124 921 1171 1023">
     <span class='ocr_line' id='line_1_8' title="bbox 124 921 1171 1023; baseline -0.006 -11"><span class='ocrx_word' id='word_1_56' title='bbox 124 921 339 1012; x_wconf 59' lang='lat' dir='ltr'><strong>iiiiiiiiismiiiii</strong></span> <span class='ocrx_word' id='word_1_57' title='bbox 376 947 504 1021; x_wconf 89' lang='lat' dir='ltr'><strong>viebant,</strong></span> <span class='ocrx_word' id='word_1_58' title='bbox 540 947 594 1007; x_wconf 90' lang='lat' dir='ltr'><strong>sed</strong></span> <span class='ocrx_word' id='word_1_59' title='bbox 627 947 686 1007; x_wconf 89' lang='lat' dir='ltr'><strong>hoc</strong></span> <span class='ocrx_word' id='word_1_60' title='bbox 719 945 752 1006; x_wconf 94' lang='lat' dir='ltr'><strong>in</strong></span> <span class='ocrx_word' id='word_1_61' title='bbox 786 945 937 1023; x_wconf 90' lang='lat' dir='ltr'><strong>mancipio</strong></span> <span class='ocrx_word' id='word_1_62' title='bbox 965 945 1078 1006; x_wconf 89' lang='lat' dir='ltr'><strong>Marius</strong></span> <span class='ocrx_word' id='word_1_63' title='bbox 1109 966 1171 1006; x_wconf 92' lang='lat' dir='ltr'><strong>non</strong></span> 
     </span>
    </p>
   </div>
   <div class='ocr_carea' id='block_1_5' title="bbox 29 1020 1217 2053">
    <p class='ocr_par' dir='ltr' id='par_1_5' title="bbox 125 1020 1173 1212">
     <span class='ocr_line' id='line_1_9' title="bbox 125 1020 1173 1113; baseline -0.002 -9"><span class='ocrx_word' id='word_1_64' title='bbox 125 1032 283 1113; x_wconf 48' lang='lat' dir='ltr'><strong>&amp;⁸¹⁰⁵OE</strong></span> <span class='ocrx_word' id='word_1_65' title='bbox 297 1020 340 1062; x_wconf 63' lang='lat'><strong>‘¹²³⁸</strong></span> <span class='ocrx_word' id='word_1_66' title='bbox 377 1041 499 1103; x_wconf 85' lang='lat' dir='ltr'><strong>dixerat.</strong></span> <span class='ocrx_word' id='word_1_67' title='bbox 541 1042 681 1102; x_wconf 91' lang='lat' dir='ltr'><strong>Adducta</strong></span> <span class='ocrx_word' id='word_1_68' title='bbox 694 1061 740 1103; x_wconf 92' lang='lat' dir='ltr'><strong>res</strong></span> <span class='ocrx_word' id='word_1_69' title='bbox 753 1041 785 1102; x_wconf 92' lang='lat' dir='ltr'><strong>in</strong></span> <span class='ocrx_word' id='word_1_70' title='bbox 799 1041 941 1102; x_wconf 90' lang='lat' dir='ltr'><strong>iudicium</strong></span> <span class='ocrx_word' id='word_1_71' title='bbox 955 1053 1007 1103; x_wconf 81' lang='lat' dir='ltr'><strong>est</strong></span> <span class='ocrx_word' id='word_1_72' title='bbox 1051 1044 1173 1104; x_wconf 82' lang='lat' dir='ltr'><strong>Oratam</strong></span> 
     </span>
     <span class='ocr_line' id='line_1_10' title="bbox 377 1139 1172 1212; baseline -0.003 -10"><span class='ocrx_word' id='word_1_73' title='bbox 377 1141 509 1212; x_wconf 85' lang='lat' dir='ltr'><strong>Crassus,</strong></span> <span class='ocrx_word' id='word_1_74' title='bbox 525 1139 730 1200; x_wconf 89' lang='lat' dir='ltr'><strong>Gratidianum</strong></span> <span class='ocrx_word' id='word_1_75' title='bbox 745 1139 924 1200; x_wconf 83' lang='lat' dir='ltr'><strong>defendebat</strong></span> <span class='ocrx_word' id='word_1_76' title='bbox 938 1139 1094 1201; x_wconf 88' lang='lat' dir='ltr'><strong>Antonius.</strong></span> <span class='ocrx_word' id='word_1_77' title='bbox 1120 1142 1172 1200; x_wconf 90' lang='lat' dir='ltr'><strong>Ius</strong></span> 
     </span>
    </p>

    <p class='ocr_par' dir='ltr' id='par_1_6' title="bbox 123 1235 1217 1703">
     <span class='ocr_line' id='line_1_11' title="bbox 126 1235 1217 1316; baseline -0.003 -14"><span class='ocrx_word' id='word_1_78' title='bbox 126 1241 250 1302; x_wconf 87' lang='lat' dir='ltr'><strong>Crassus</strong></span> <span class='ocrx_word' id='word_1_79' title='bbox 269 1238 421 1316; x_wconf 89' lang='lat' dir='ltr'><strong>urguebat,</strong></span> <span class='ocrx_word' id='word_1_80' title='bbox 437 1238 532 1315; x_wconf 87' lang='lat' dir='ltr'><strong>‘quod</strong></span> <span class='ocrx_word' id='word_1_81' title='bbox 551 1236 615 1297; x_wconf 88' lang='lat' dir='ltr'><strong>vitii</strong></span> <span class='ocrx_word' id='word_1_82' title='bbox 635 1237 772 1299; x_wconf 89' lang='lat' dir='ltr'><strong>venditor</strong></span> <span class='ocrx_word' id='word_1_83' title='bbox 792 1256 854 1296; x_wconf 92' lang='lat' dir='ltr'><strong>non</strong></span> <span class='ocrx_word' id='word_1_84' title='bbox 875 1235 994 1297; x_wconf 87' lang='lat' dir='ltr'><strong>dixisset</strong></span> <span class='ocrx_word' id='word_1_85' title='bbox 1014 1236 1119 1310; x_wconf 85' lang='lat' dir='ltr'><strong>sciens,</strong></span> <span class='ocrx_word' id='word_1_86' title='bbox 1140 1236 1217 1299; x_wconf 84' lang='lat' dir='ltr'><strong>idm</strong></span> 
     </span>
     <span class='ocr_line' id='line_1_12' title="bbox 125 1333 1172 1414; baseline -0.003 -17"><span class='ocrx_word' id='word_1_87' title='bbox 125 1346 260 1414; x_wconf 92' lang='lat' dir='ltr'><strong>oportere</strong></span> <span class='ocrx_word' id='word_1_88' title='bbox 283 1334 440 1414; x_wconf 90' lang='lat' dir='ltr'><strong>praestari‚&#39;</strong></span> <span class='ocrx_word' id='word_1_89' title='bbox 461 1333 641 1411; x_wconf 88' lang='lat' dir='ltr'><strong>aequitatem</strong></span> <span class='ocrx_word' id='word_1_90' title='bbox 661 1333 819 1408; x_wconf 88' lang='lat' dir='ltr'><strong>Antonius,</strong></span> <span class='ocrx_word' id='word_1_91' title='bbox 843 1333 996 1410; x_wconf 91' lang='lat' dir='ltr'><strong>‘quoniam</strong></span> <span class='ocrx_word' id='word_1_92' title='bbox 1016 1333 1048 1394; x_wconf 95' lang='lat' dir='ltr'><strong>id</strong></span> <span class='ocrx_word' id='word_1_93' title='bbox 1068 1334 1172 1395; x_wconf 90' lang='lat' dir='ltr'><strong>vitium</strong></span> 
     </span>
     <span class='ocr_line' id='line_1_13' title="bbox 124 1431 1172 1511; baseline -0.002 -17"><span class='ocrx_word' id='word_1_94' title='bbox 124 1432 259 1511; x_wconf 90' lang='lat' dir='ltr'><strong>ignotum</strong></span> <span class='ocrx_word' id='word_1_95' title='bbox 279 1432 380 1511; x_wconf 90' lang='lat' dir='ltr'><strong>Sergio</strong></span> <span class='ocrx_word' id='word_1_96' title='bbox 400 1451 462 1492; x_wconf 92' lang='lat' dir='ltr'><strong>non</strong></span> <span class='ocrx_word' id='word_1_97' title='bbox 483 1431 594 1504; x_wconf 79' lang='lat' dir='ltr'><strong>suisset,</strong></span> <span class='ocrx_word' id='word_1_98' title='bbox 615 1431 667 1509; x_wconf 93' lang='lat' dir='ltr'><strong>qui</strong></span> <span class='ocrx_word' id='word_1_99' title='bbox 687 1431 751 1492; x_wconf 92' lang='lat' dir='ltr'><strong>illas</strong></span> <span class='ocrx_word' id='word_1_100' title='bbox 772 1432 861 1492; x_wconf 88' lang='lat' dir='ltr'><strong>aedes</strong></span> <span class='ocrx_word' id='word_1_101' title='bbox 887 1431 1078 1506; x_wconf 86' lang='lat' dir='ltr'><strong>vendidisset,</strong></span> <span class='ocrx_word' id='word_1_102' title='bbox 1099 1432 1172 1492; x_wconf 90' lang='lat' dir='ltr'><strong>nihil</strong></span> 
     </span>
     <span class='ocr_line' id='line_1_14' title="bbox 124 1527 1172 1606; baseline 0.001 -18"><span class='ocrx_word' id='word_1_103' title='bbox 124 1530 213 1591; x_wconf 81' lang='lat' dir='ltr'><strong>fuisse</strong></span> <span class='ocrx_word' id='word_1_104' title='bbox 240 1549 362 1590; x_wconf 89' lang='lat' dir='ltr'><strong>necesse</strong></span> <span class='ocrx_word' id='word_1_105' title='bbox 389 1527 449 1590; x_wconf 90' lang='lat' dir='ltr'><strong>dici</strong></span> <span class='ocrx_word' id='word_1_106' title='bbox 476 1547 533 1588; x_wconf 90' lang='lat' dir='ltr'><strong>nec</strong></span> <span class='ocrx_word' id='word_1_107' title='bbox 559 1547 629 1588; x_wconf 88' lang='lat' dir='ltr'><strong>eum</strong></span> <span class='ocrx_word' id='word_1_108' title='bbox 656 1547 721 1588; x_wconf 89' lang='lat' dir='ltr'><strong>esse</strong></span> <span class='ocrx_word' id='word_1_109' title='bbox 748 1530 916 1605; x_wconf 90' lang='lat' dir='ltr'><strong>deceptum,</strong></span> <span class='ocrx_word' id='word_1_110' title='bbox 943 1528 995 1606; x_wconf 92' lang='lat' dir='ltr'><strong>qui</strong></span> <span class='ocrx_word' id='word_1_111' title='bbox 1021 1529 1061 1602; x_wconf 78' lang='lat' dir='ltr'><strong>id,</strong></span> <span class='ocrx_word' id='word_1_112' title='bbox 1090 1531 1172 1606; x_wconf 92' lang='lat' dir='ltr'><strong>quod</strong></span> 
     </span>
     <span class='ocr_line' id='line_1_15' title="bbox 123 1624 1172 1703; baseline -0.002 -16"><span class='ocrx_word' id='word_1_113' title='bbox 123 1637 243 1700; x_wconf 87' lang='lat' dir='ltr'><strong>emerat,</strong></span> <span class='ocrx_word' id='word_1_114' title='bbox 259 1645 320 1703; x_wconf 94' lang='lat' dir='ltr'><strong>quo</strong></span> <span class='ocrx_word' id='word_1_115' title='bbox 341 1624 403 1685; x_wconf 91' lang='lat' dir='ltr'><strong>iure</strong></span> <span class='ocrx_word' id='word_1_116' title='bbox 424 1634 502 1685; x_wconf 91' lang='lat' dir='ltr'><strong>esset</strong></span> <span class='ocrx_word' id='word_1_117' title='bbox 523 1625 654 1685; x_wconf 64' lang='lat' dir='ltr'><strong>teneret!</strong></span> <span class='ocrx_word' id='word_1_118' title='bbox 696 1627 743 1684; x_wconf 90' lang='lat'><strong>68.</strong></span> <span class='ocrx_word' id='word_1_119' title='bbox 778 1627 911 1701; x_wconf 89' lang='lat' dir='ltr'><strong>Quorsus</strong></span> <span class='ocrx_word' id='word_1_120' title='bbox 930 1625 1021 1686; x_wconf 84' lang='lat' dir='ltr'><strong>haec?</strong></span> <span class='ocrx_word' id='word_1_121' title='bbox 1042 1636 1076 1684; x_wconf 91' lang='lat' dir='ltr'><strong>ut</strong></span> <span class='ocrx_word' id='word_1_122' title='bbox 1097 1624 1172 1685; x_wconf 93' lang='lat' dir='ltr'><strong>illud</strong></span> 
     </span>
    </p>

    <p class='ocr_par' dir='ltr' id='par_1_7' title="bbox 29 1721 1213 2053">
     <span class='ocr_line' id='line_1_16' title="bbox 124 1721 1213 1803; baseline -0.002 -20"><span class='ocrx_word' id='word_1_123' title='bbox 124 1723 286 1803; x_wconf 87' lang='lat' dir='ltr'><strong>intellegas,</strong></span> <span class='ocrx_word' id='word_1_124' title='bbox 302 1743 363 1783; x_wconf 91' lang='lat' dir='ltr'><strong>non</strong></span> <span class='ocrx_word' id='word_1_125' title='bbox 377 1721 523 1800; x_wconf 87' lang='lat' dir='ltr'><strong>placuisse</strong></span> <span class='ocrx_word' id='word_1_126' title='bbox 536 1721 698 1783; x_wconf 90' lang='lat' dir='ltr'><strong>maioribus</strong></span> <span class='ocrx_word' id='word_1_127' title='bbox 712 1721 819 1783; x_wconf 90' lang='lat' dir='ltr'><strong>nostris</strong></span> <span class='ocrx_word' id='word_1_128' title='bbox 833 1733 954 1786; x_wconf 91' lang='lat' dir='ltr'><strong>astutos.</strong></span> <span class='ocrx_word' id='word_1_129' title='bbox 1185 1745 1213 1793; x_wconf 85' lang='lat'><strong>¹5</strong></span> 
     </span>
     <span class='ocr_line' id='line_1_17' title="bbox 29 1817 1171 1897; baseline 0.003 -19"><span class='ocrx_word' id='word_1_130' title='bbox 29 1827 113 1878; x_wconf 83' lang='lat' dir='ltr'><strong>xvu</strong></span> <span class='ocrx_word' id='word_1_131' title='bbox 437 1820 498 1880; x_wconf 90' lang='lat' dir='ltr'><strong>Sed</strong></span> <span class='ocrx_word' id='word_1_132' title='bbox 524 1819 608 1880; x_wconf 90' lang='lat' dir='ltr'><strong>aliter</strong></span> <span class='ocrx_word' id='word_1_133' title='bbox 634 1819 722 1896; x_wconf 89' lang='lat' dir='ltr'><strong>leges,</strong></span> <span class='ocrx_word' id='word_1_134' title='bbox 750 1818 834 1879; x_wconf 88' lang='lat' dir='ltr'><strong>aliter</strong></span> <span class='ocrx_word' id='word_1_135' title='bbox 864 1817 1034 1897; x_wconf 87' lang='lat' dir='ltr'><strong>philosophi</strong></span> <span class='ocrx_word' id='word_1_136' title='bbox 1065 1821 1171 1881; x_wconf 91' lang='lat' dir='ltr'><strong>tollunt</strong></span> 
     </span>
     <span class='ocr_line' id='line_1_18' title="bbox 123 1898 1169 2053; baseline -0.001 -77"><span class='ocrx_word' id='word_1_137' title='bbox 123 1898 340 2053; x_wconf 50' lang='lat' dir='ltr'><strong>,ffi‘ydfffflss</strong></span> <span class='ocrx_word' id='word_1_138' title='bbox 377 1913 514 1975; x_wconf 90' lang='lat' dir='ltr'><strong>astutias:</strong></span> <span class='ocrx_word' id='word_1_139' title='bbox 536 1916 625 1993; x_wconf 89' lang='lat' dir='ltr'><strong>leges,</strong></span> <span class='ocrx_word' id='word_1_140' title='bbox 640 1926 786 1990; x_wconf 90' lang='lat' dir='ltr'><strong>quatenus</strong></span> <span class='ocrx_word' id='word_1_141' title='bbox 807 1909 896 1974; x_wconf 85' lang='lat' dir='ltr'><strong>manu</strong></span> <span class='ocrx_word' id='word_1_142' title='bbox 916 1925 1017 1975; x_wconf 89' lang='lat' dir='ltr'><strong>tenere</strong></span> <span class='ocrx_word' id='word_1_143' title='bbox 1037 1926 1169 1991; x_wconf 89' lang='lat' dir='ltr'><strong>possunt,</strong></span> 
     </span>
    </p>
   </div>
   <div class='ocr_carea' id='block_1_6' title="bbox 124 2001 1167 2100">
    <p class='ocr_par' dir='ltr' id='par_1_8' title="bbox 124 2001 1167 2100">
     <span class='ocr_line' id='line_1_19' title="bbox 124 2001 1167 2100; baseline 0 -29"><span class='ocrx_word' id='word_1_144' title='bbox 124 2001 338 2100; x_wconf 52' lang='grc' dir='ltr'><strong>ᾗξζζζξᾚῑξξρᾟ</strong></span> <span class='ocrx_word' id='word_1_145' title='bbox 375 2010 552 2089; x_wconf 91' lang='lat' dir='ltr'><strong>philosophi,</strong></span> <span class='ocrx_word' id='word_1_146' title='bbox 581 2023 727 2089; x_wconf 91' lang='lat' dir='ltr'><strong>quatenus</strong></span> <span class='ocrx_word' id='word_1_147' title='bbox 754 2010 867 2071; x_wconf 91' lang='lat' dir='ltr'><strong>ratione</strong></span> <span class='ocrx_word' id='word_1_148' title='bbox 898 2022 929 2072; x_wconf 95' lang='lat' dir='ltr'><strong>et</strong></span> <span class='ocrx_word' id='word_1_149' title='bbox 960 2011 1167 2088; x_wconf 90' lang='lat' dir='ltr'><strong>intellegentia.</strong></span> 
     </span>
    </p>
   </div>
   <div class='ocr_carea' id='block_1_7' title="bbox 120 2101 1214 3390">
    <p class='ocr_par' dir='ltr' id='par_1_9' title="bbox 120 2101 1214 3390">
     <span class='ocr_line' id='line_1_20' title="bbox 123 2101 1169 2193; baseline -0.003 -24"><span class='ocrx_word' id='word_1_150' title='bbox 123 2101 337 2193; x_wconf 52' lang='lat' dir='ltr'><strong>figgssssffljg‘aigffi&#39;gg</strong></span> <span class='ocrx_word' id='word_1_151' title='bbox 375 2107 467 2168; x_wconf 91' lang='lat' dir='ltr'><strong>Ratio</strong></span> <span class='ocrx_word' id='word_1_152' title='bbox 486 2126 556 2185; x_wconf 91' lang='lat' dir='ltr'><strong>ergo</strong></span> <span class='ocrx_word' id='word_1_153' title='bbox 577 2108 636 2167; x_wconf 87' lang='lat' dir='ltr'><strong>hoc</strong></span> <span class='ocrx_word' id='word_1_154' title='bbox 655 2108 794 2184; x_wconf 90' lang='lat' dir='ltr'><strong>postulat,</strong></span> <span class='ocrx_word' id='word_1_155' title='bbox 814 2125 852 2165; x_wconf 91' lang='lat' dir='ltr'><strong>ne</strong></span> <span class='ocrx_word' id='word_1_156' title='bbox 872 2105 946 2182; x_wconf 92' lang='lat' dir='ltr'><strong>quid</strong></span> <span class='ocrx_word' id='word_1_157' title='bbox 965 2105 1115 2179; x_wconf 90' lang='lat' dir='ltr'><strong>insidiose,</strong></span> <span class='ocrx_word' id='word_1_158' title='bbox 1130 2126 1169 2167; x_wconf 90' lang='lat' dir='ltr'><strong>ne</strong></span> 
     </span>
     <span class='ocr_line' id='line_1_21' title="bbox 120 2201 1214 2305; baseline -0.003 -38"><span class='ocrx_word' id='word_1_159' title='bbox 120 2202 245 2305; x_wconf 52' lang='lat' dir='ltr'><strong>jffiffl</strong></span> <span class='ocrx_word' id='word_1_160' title='bbox 254 2201 338 2243; x_wconf 51' lang='grc' dir='ltr'>Μ</span> <span class='ocrx_word' id='word_1_161' title='bbox 376 2206 449 2284; x_wconf 92' lang='lat' dir='ltr'><strong>quid</strong></span> <span class='ocrx_word' id='word_1_162' title='bbox 462 2205 605 2279; x_wconf 90' lang='lat' dir='ltr'><strong>simulate,</strong></span> <span class='ocrx_word' id='word_1_163' title='bbox 620 2224 658 2266; x_wconf 91' lang='lat' dir='ltr'><strong>ne</strong></span> <span class='ocrx_word' id='word_1_164' title='bbox 673 2205 747 2282; x_wconf 90' lang='lat' dir='ltr'><strong>quid</strong></span> <span class='ocrx_word' id='word_1_165' title='bbox 760 2204 908 2266; x_wconf 81' lang='lat' dir='ltr'><strong>fallaciter.</strong></span> <span class='ocrx_word' id='word_1_166' title='bbox 951 2205 1064 2265; x_wconf 87' lang='lat' dir='ltr'><strong>Suntne</strong></span> <span class='ocrx_word' id='word_1_167' title='bbox 1082 2204 1170 2281; x_wconf 89' lang='lat' dir='ltr'><strong>igitur</strong></span> <span class='ocrx_word' id='word_1_168' title='bbox 1182 2237 1214 2272; x_wconf 75' lang='lat'><strong>20</strong></span> 
     </span>
     <span class='ocr_line' id='line_1_22' title="bbox 372 2300 1169 2380; baseline 0 -18"><span class='ocrx_word' id='word_1_169' title='bbox 372 2302 496 2365; x_wconf 87' lang='lat' dir='ltr'><strong>insidiae</strong></span> <span class='ocrx_word' id='word_1_170' title='bbox 513 2303 636 2363; x_wconf 89' lang='lat' dir='ltr'><strong>tendere</strong></span> <span class='ocrx_word' id='word_1_171' title='bbox 651 2304 760 2380; x_wconf 83' lang='lat' dir='ltr'><strong>plagas,</strong></span> <span class='ocrx_word' id='word_1_172' title='bbox 775 2301 864 2362; x_wconf 90' lang='lat' dir='ltr'><strong>etiam</strong></span> <span class='ocrx_word' id='word_1_173' title='bbox 878 2300 903 2362; x_wconf 88' lang='lat' dir='ltr'><strong>si</strong></span> <span class='ocrx_word' id='word_1_174' title='bbox 916 2301 1094 2362; x_wconf 87' lang='lat' dir='ltr'><strong>excitaturus</strong></span> <span class='ocrx_word' id='word_1_175' title='bbox 1107 2321 1169 2362; x_wconf 88' lang='lat' dir='ltr'><strong>non</strong></span> 
     </span>
     <span class='ocr_line' id='line_1_23' title="bbox 124 2397 1169 2479; baseline -0.003 -17"><span class='ocrx_word' id='word_1_176' title='bbox 124 2401 164 2463; x_wconf 93' lang='lat' dir='ltr'><strong>sis</strong></span> <span class='ocrx_word' id='word_1_177' title='bbox 184 2420 241 2462; x_wconf 91' lang='lat' dir='ltr'><strong>nec</strong></span> <span class='ocrx_word' id='word_1_178' title='bbox 260 2398 441 2479; x_wconf 82' lang='lat' dir='ltr'><strong>agitaturus?</strong></span> <span class='ocrx_word' id='word_1_179' title='bbox 467 2400 549 2477; x_wconf 91' lang='lat' dir='ltr'><strong>ipsae</strong></span> <span class='ocrx_word' id='word_1_180' title='bbox 575 2399 657 2460; x_wconf 90' lang='lat' dir='ltr'><strong>enim</strong></span> <span class='ocrx_word' id='word_1_181' title='bbox 684 2401 763 2460; x_wconf 78' lang='lat' dir='ltr'><strong>ferae</strong></span> <span class='ocrx_word' id='word_1_182' title='bbox 783 2400 865 2459; x_wconf 90' lang='lat' dir='ltr'><strong>nullo</strong></span> <span class='ocrx_word' id='word_1_183' title='bbox 885 2397 1061 2476; x_wconf 89' lang='lat' dir='ltr'><strong>insequente</strong></span> <span class='ocrx_word' id='word_1_184' title='bbox 1081 2418 1169 2477; x_wconf 91' lang='lat' dir='ltr'><strong>saepe</strong></span> 
     </span>
     <span class='ocr_line' id='line_1_24' title="bbox 122 2497 1170 2575; baseline -0.004 -15"><span class='ocrx_word' id='word_1_185' title='bbox 122 2499 268 2560; x_wconf 89' lang='lat' dir='ltr'><strong>incidunt.</strong></span> <span class='ocrx_word' id='word_1_186' title='bbox 310 2498 359 2559; x_wconf 89' lang='lat' dir='ltr'><strong>Sic</strong></span> <span class='ocrx_word' id='word_1_187' title='bbox 378 2509 411 2559; x_wconf 91' lang='lat' dir='ltr'><strong>tu</strong></span> <span class='ocrx_word' id='word_1_188' title='bbox 432 2499 521 2559; x_wconf 88' lang='lat' dir='ltr'><strong>aedes</strong></span> <span class='ocrx_word' id='word_1_189' title='bbox 542 2497 714 2574; x_wconf 86' lang='lat' dir='ltr'><strong>proscribas,</strong></span> <span class='ocrx_word' id='word_1_190' title='bbox 730 2498 861 2557; x_wconf 90' lang='lat' dir='ltr'><strong>tabulam</strong></span> <span class='ocrx_word' id='word_1_191' title='bbox 882 2508 1033 2573; x_wconf 89' lang='lat' dir='ltr'><strong>tamquam</strong></span> <span class='ocrx_word' id='word_1_192' title='bbox 1053 2498 1170 2575; x_wconf 88' lang='lat' dir='ltr'><strong>plagam</strong></span> 
     </span>
     <span class='ocr_line' id='line_1_25' title="bbox 122 2592 1170 2678; baseline -0.004 -20"><span class='ocrx_word' id='word_1_193' title='bbox 122 2617 217 2675; x_wconf 88' lang='lat' dir='ltr'><strong>ponas</strong></span> <span class='ocrx_word' id='word_1_194' title='bbox 238 2595 375 2678; x_wconf 90' lang='lat' dir='ltr'><strong>[domum</strong></span> <span class='ocrx_word' id='word_1_195' title='bbox 395 2608 515 2675; x_wconf 91' lang='lat' dir='ltr'><strong>propter</strong></span> <span class='ocrx_word' id='word_1_196' title='bbox 534 2595 605 2656; x_wconf 94' lang='lat' dir='ltr'><strong>vitia</strong></span> <span class='ocrx_word' id='word_1_197' title='bbox 623 2592 757 2675; x_wconf 88' lang='lat' dir='ltr'><strong>vendas],</strong></span> <span class='ocrx_word' id='word_1_198' title='bbox 776 2595 808 2654; x_wconf 92' lang='lat' dir='ltr'><strong>in</strong></span> <span class='ocrx_word' id='word_1_199' title='bbox 828 2614 895 2655; x_wconf 91' lang='lat' dir='ltr'><strong>eam</strong></span> <span class='ocrx_word' id='word_1_200' title='bbox 915 2594 1022 2672; x_wconf 89' lang='lat' dir='ltr'><strong>aliquis</strong></span> <span class='ocrx_word' id='word_1_201' title='bbox 1042 2594 1170 2655; x_wconf 89' lang='lat' dir='ltr'><strong>incurrat</strong></span> 
     </span>
     <span class='ocr_line' id='line_1_26' title="bbox 122 2691 1211 2773; baseline -0.001 -17"><span class='ocrx_word' id='word_1_202' title='bbox 122 2695 312 2773; x_wconf 84' lang='lat' dir='ltr'><strong>imprudens?</strong></span> <span class='ocrx_word' id='word_1_203' title='bbox 342 2696 389 2770; x_wconf 88' lang='lat'><strong>69.</strong></span> <span class='ocrx_word' id='word_1_204' title='bbox 415 2696 487 2753; x_wconf 91' lang='lat' dir='ltr'><strong>Hoc</strong></span> <span class='ocrx_word' id='word_1_205' title='bbox 501 2711 682 2771; x_wconf 91' lang='lat' dir='ltr'><strong>quamquam</strong></span> <span class='ocrx_word' id='word_1_206' title='bbox 695 2691 784 2753; x_wconf 90' lang='lat' dir='ltr'><strong>video</strong></span> <span class='ocrx_word' id='word_1_207' title='bbox 797 2702 916 2768; x_wconf 91' lang='lat' dir='ltr'><strong>propter</strong></span> <span class='ocrx_word' id='word_1_208' title='bbox 930 2691 1168 2768; x_wconf 88' lang='lat' dir='ltr'><strong>depravationem</strong></span> <span class='ocrx_word' id='word_1_209' title='bbox 1181 2721 1211 2770; x_wconf 82' lang='lat'><strong>25</strong></span> 
     </span>
     <span class='ocr_line' id='line_1_27' title="bbox 123 2788 1170 2867; baseline -0.005 -14"><span class='ocrx_word' id='word_1_210' title='bbox 123 2790 345 2853; x_wconf 90' lang='lat' dir='ltr'><strong>consuetudinis</strong></span> <span class='ocrx_word' id='word_1_211' title='bbox 364 2809 463 2867; x_wconf 90' lang='lat' dir='ltr'><strong>neque</strong></span> <span class='ocrx_word' id='word_1_212' title='bbox 480 2809 564 2850; x_wconf 90' lang='lat' dir='ltr'><strong>more</strong></span> <span class='ocrx_word' id='word_1_213' title='bbox 582 2801 666 2866; x_wconf 85' lang='lat' dir='ltr'><strong>turpe</strong></span> <span class='ocrx_word' id='word_1_214' title='bbox 685 2788 787 2850; x_wconf 88' lang='lat' dir='ltr'><strong>haberi</strong></span> <span class='ocrx_word' id='word_1_215' title='bbox 805 2809 903 2866; x_wconf 89' lang='lat' dir='ltr'><strong>neque</strong></span> <span class='ocrx_word' id='word_1_216' title='bbox 917 2801 968 2849; x_wconf 92' lang='lat' dir='ltr'><strong>aut</strong></span> <span class='ocrx_word' id='word_1_217' title='bbox 986 2792 1050 2867; x_wconf 91' lang='lat' dir='ltr'><strong>lege</strong></span> <span class='ocrx_word' id='word_1_218' title='bbox 1065 2788 1170 2849; x_wconf 86' lang='lat' dir='ltr'><strong>sanciri</strong></span> 
     </span>
     <span class='ocr_line' id='line_1_28' title="bbox 123 2885 1170 2963; baseline -0.002 -15"><span class='ocrx_word' id='word_1_219' title='bbox 123 2900 174 2950; x_wconf 93' lang='lat' dir='ltr'><strong>aut</strong></span> <span class='ocrx_word' id='word_1_220' title='bbox 193 2888 256 2951; x_wconf 91' lang='lat' dir='ltr'><strong>iure</strong></span> <span class='ocrx_word' id='word_1_221' title='bbox 276 2887 362 2961; x_wconf 91' lang='lat' dir='ltr'><strong>civili,</strong></span> <span class='ocrx_word' id='word_1_222' title='bbox 378 2898 478 2948; x_wconf 89' lang='lat' dir='ltr'><strong>tamen</strong></span> <span class='ocrx_word' id='word_1_223' title='bbox 498 2897 619 2947; x_wconf 89' lang='lat' dir='ltr'><strong>naturae</strong></span> <span class='ocrx_word' id='word_1_224' title='bbox 640 2888 704 2963; x_wconf 89' lang='lat' dir='ltr'><strong>lege</strong></span> <span class='ocrx_word' id='word_1_225' title='bbox 725 2898 860 2946; x_wconf 89' lang='lat' dir='ltr'><strong>sanctum</strong></span> <span class='ocrx_word' id='word_1_226' title='bbox 880 2896 933 2946; x_wconf 91' lang='lat' dir='ltr'><strong>est.</strong></span> <span class='ocrx_word' id='word_1_227' title='bbox 976 2885 1107 2946; x_wconf 88' lang='lat' dir='ltr'><strong>Societas</strong></span> <span class='ocrx_word' id='word_1_228' title='bbox 1125 2897 1170 2946; x_wconf 89' lang='lat' dir='ltr'><strong>est</strong></span> 
     </span>
     <span class='ocr_line' id='line_1_29' title="bbox 123 2981 1169 3062; baseline -0.002 -17"><span class='ocrx_word' id='word_1_229' title='bbox 123 2985 327 3062; x_wconf 90' lang='lat' dir='ltr'><strong>enim-quod</strong></span> <span class='ocrx_word' id='word_1_230' title='bbox 360 2983 416 3044; x_wconf 89' lang='lat' dir='ltr'><strong>etsi</strong></span> <span class='ocrx_word' id='word_1_231' title='bbox 450 3002 538 3060; x_wconf 91' lang='lat' dir='ltr'><strong>saepe</strong></span> <span class='ocrx_word' id='word_1_232' title='bbox 572 2981 685 3043; x_wconf 89' lang='lat' dir='ltr'><strong>dictum</strong></span> <span class='ocrx_word' id='word_1_233' title='bbox 720 2993 773 3056; x_wconf 89' lang='lat' dir='ltr'><strong>est,</strong></span> <span class='ocrx_word' id='word_1_234' title='bbox 809 2981 970 3042; x_wconf 90' lang='lat' dir='ltr'><strong>dicendum</strong></span> <span class='ocrx_word' id='word_1_235' title='bbox 998 2993 1042 3042; x_wconf 91' lang='lat' dir='ltr'><strong>est</strong></span> <span class='ocrx_word' id='word_1_236' title='bbox 1069 2995 1169 3043; x_wconf 89' lang='lat' dir='ltr'><strong>tamen</strong></span> 
     </span>
     <span class='ocr_line' id='line_1_30' title="bbox 124 3077 1168 3160; baseline -0.002 -18"><span class='ocrx_word' id='word_1_237' title='bbox 124 3079 418 3160; x_wconf 88' lang='lat' dir='ltr'><strong>saepius-latissime</strong></span> <span class='ocrx_word' id='word_1_238' title='bbox 439 3079 562 3157; x_wconf 90' lang='lat' dir='ltr'><strong>quidem</strong></span> <span class='ocrx_word' id='word_1_239' title='bbox 582 3099 658 3157; x_wconf 90' lang='lat' dir='ltr'><strong>quae</strong></span> <span class='ocrx_word' id='word_1_240' title='bbox 678 3090 786 3156; x_wconf 90' lang='lat' dir='ltr'><strong>pateat,</strong></span> <span class='ocrx_word' id='word_1_241' title='bbox 806 3078 940 3139; x_wconf 90' lang='lat' dir='ltr'><strong>omnium</strong></span> <span class='ocrx_word' id='word_1_242' title='bbox 960 3077 1036 3140; x_wconf 89' lang='lat' dir='ltr'><strong>inter</strong></span> <span class='ocrx_word' id='word_1_243' title='bbox 1056 3098 1168 3153; x_wconf 88' lang='lat' dir='ltr'><strong>omnes,</strong></span> 
     </span>
     <span class='ocr_line' id='line_1_31' title="bbox 171 3174 1213 3260; baseline -0.003 -22"><span class='ocrx_word' id='word_1_244' title='bbox 171 3248 203 3260; x_wconf 90' lang='lat'><strong>..</strong></span> <span class='ocrx_word' id='word_1_245' title='bbox 241 3247 247 3259; x_wconf 32' lang='grc' dir='ltr'>ι</span> <span class='ocrx_word' id='word_1_246' title='bbox 375 3175 495 3237; x_wconf 90' lang='lat' dir='ltr'><strong>interior</strong></span> <span class='ocrx_word' id='word_1_247' title='bbox 521 3195 634 3248; x_wconf 91' lang='lat' dir='ltr'><strong>eorum,</strong></span> <span class='ocrx_word' id='word_1_248' title='bbox 663 3175 715 3251; x_wconf 90' lang='lat' dir='ltr'><strong>qui</strong></span> <span class='ocrx_word' id='word_1_249' title='bbox 735 3174 868 3235; x_wconf 91' lang='lat' dir='ltr'><strong>eiusdem</strong></span> <span class='ocrx_word' id='word_1_250' title='bbox 889 3174 986 3252; x_wconf 89' lang='lat' dir='ltr'><strong>gentis</strong></span> <span class='ocrx_word' id='word_1_251' title='bbox 1012 3177 1078 3247; x_wconf 92' lang='lat' dir='ltr'><strong>sint,</strong></span> <span class='ocrx_word' id='word_1_252' title='bbox 1104 3193 1169 3252; x_wconf 74' lang='lat' dir='ltr'><strong>pro</strong></span> <span class='ocrx_word' id='word_1_253' title='bbox 1181 3204 1213 3253; x_wconf 81' lang='lat'><strong>30</strong></span> 
     </span>
     <span class='ocr_line' id='line_1_32' title="bbox 123 3247 1169 3390; baseline -0.006 -50"><span class='ocrx_word' id='word_1_254' title='bbox 123 3247 340 3390; x_wconf 47' lang='lat' dir='ltr'><strong>mliiinngiiligri}</strong></span> <span class='ocrx_word' id='word_1_255' title='bbox 372 3273 439 3350; x_wconf 90' lang='lat' dir='ltr'><strong>pior</strong></span> <span class='ocrx_word' id='word_1_256' title='bbox 458 3293 569 3346; x_wconf 91' lang='lat' dir='ltr'><strong>eorum,</strong></span> <span class='ocrx_word' id='word_1_257' title='bbox 585 3271 637 3350; x_wconf 90' lang='lat' dir='ltr'><strong>qui</strong></span> <span class='ocrx_word' id='word_1_258' title='bbox 657 3272 791 3333; x_wconf 91' lang='lat' dir='ltr'><strong>eiusdem</strong></span> <span class='ocrx_word' id='word_1_259' title='bbox 812 3271 944 3333; x_wconf 88' lang='lat' dir='ltr'><strong>civitatis.</strong></span> <span class='ocrx_word' id='word_1_260' title='bbox 987 3274 1095 3350; x_wconf 87' lang='lat' dir='ltr'><strong>Itaque</strong></span> <span class='ocrx_word' id='word_1_261' title='bbox 1108 3293 1169 3334; x_wconf 89' lang='lat' dir='ltr'><strong>ma·</strong></span> 
     </span>
     <span class='ocr_line' id='line_1_33' title="bbox 235 3361 327 3389; baseline -0.011 0"><span class='ocrx_word' id='word_1_262' title='bbox 235 3363 247 3389; x_wconf 75' lang='lat' dir='ltr'>e</span> <span class='ocrx_word' id='word_1_263' title='bbox 286 3361 327 3388; x_wconf 71' lang='grc' dir='ltr'><strong>ΨΟ</strong></span> 
     </span>
    </p>
   </div>
   <div class='ocr_carea' id='block_1_8' title="bbox 122 3349 1169 3449">
    <p class='ocr_par' dir='ltr' id='par_1_10' title="bbox 122 3349 1169 3449">
     <span class='ocr_line' id='line_1_34' title="bbox 124 3349 1049 3391; baseline -0.009 -1"><span class='ocrx_word' id='word_1_264' title='bbox 124 3349 206 3391; x_wconf 85' lang='lat' dir='ltr'><strong>Lawor</strong></span> <span class='ocrx_word' id='word_1_265' title='bbox 376 3370 382 3383; x_wconf 88' lang='lat'><strong>·</strong></span> <span class='ocrx_word' id='word_1_266' title='bbox 508 3371 514 3382; x_wconf 88' lang='lat'><strong>·</strong></span> <span class='ocrx_word' id='word_1_267' title='bbox 584 3371 591 3383; x_wconf 87' lang='lat'><strong>·</strong></span> <span class='ocrx_word' id='word_1_268' title='bbox 725 3371 730 3383; x_wconf 86' lang='lat'>·</span> <span class='ocrx_word' id='word_1_269' title='bbox 850 3370 855 3381; x_wconf 87' lang='lat'>.</span> <span class='ocrx_word' id='word_1_270' title='bbox 925 3371 932 3383; x_wconf 87' lang='lat'>.</span> <span class='ocrx_word' id='word_1_271' title='bbox 1014 3369 1049 3382; x_wconf 88' lang='lat'><strong>..</strong></span> 
     </span>
     <span class='ocr_line' id='line_1_35' title="bbox 122 3371 1169 3449; baseline -0.002 -16"><span class='ocrx_word' id='word_1_272' title='bbox 122 3399 338 3449; x_wconf 56' lang='lat' dir='ltr'><strong>nemmmunqyrffl,</strong></span> <span class='ocrx_word' id='word_1_273' title='bbox 374 3390 450 3432; x_wconf 85' lang='lat' dir='ltr'><strong>rores</strong></span> <span class='ocrx_word' id='word_1_274' title='bbox 477 3372 559 3431; x_wconf 83' lang='lat' dir='ltr'><strong>aliud</strong></span> <span class='ocrx_word' id='word_1_275' title='bbox 582 3390 629 3431; x_wconf 86' lang='lat' dir='ltr'><strong>rus</strong></span> <span class='ocrx_word' id='word_1_276' title='bbox 652 3382 793 3448; x_wconf 85' lang='lat' dir='ltr'><strong>gentrum,</strong></span> <span class='ocrx_word' id='word_1_277' title='bbox 819 3371 899 3431; x_wconf 88' lang='lat' dir='ltr'><strong>ahud</strong></span> <span class='ocrx_word' id='word_1_278' title='bbox 924 3390 969 3430; x_wconf 86' lang='lat' dir='ltr'><strong>rus</strong></span> <span class='ocrx_word' id='word_1_279' title='bbox 993 3372 1080 3430; x_wconf 85' lang='lat' dir='ltr'><strong>crvrle</strong></span> <span class='ocrx_word' id='word_1_280' title='bbox 1104 3390 1169 3432; x_wconf 90' lang='lat' dir='ltr'><strong>esse</strong></span> 
     </span>
    </p>
   </div>
   <div class='ocr_carea' id='block_1_9' title="bbox 121 3449 1169 3551">
    <p class='ocr_par' dir='ltr' id='par_1_11' title="bbox 121 3449 1169 3551">
     <span class='ocr_line' id='line_1_36' title="bbox 121 3449 1169 3551; baseline -0.002 -21"><span class='ocrx_word' id='word_1_281' title='bbox 121 3449 338 3551; x_wconf 52' lang='grc' dir='ltr'><strong>ξέἲᾶξέζῗέδᾲξῖἶ.</strong></span> <span class='ocrx_word' id='word_1_282' title='bbox 371 3469 544 3529; x_wconf 88' lang='lat' dir='ltr'><strong>voluemnt:</strong></span> <span class='ocrx_word' id='word_1_283' title='bbox 578 3469 661 3545; x_wconf 91' lang='lat' dir='ltr'><strong>quod</strong></span> <span class='ocrx_word' id='word_1_284' title='bbox 692 3466 787 3540; x_wconf 89' lang='lat' dir='ltr'><strong>civile,</strong></span> <span class='ocrx_word' id='word_1_285' title='bbox 818 3485 880 3527; x_wconf 91' lang='lat' dir='ltr'><strong>non</strong></span> <span class='ocrx_word' id='word_1_286' title='bbox 912 3466 993 3528; x_wconf 94' lang='lat' dir='ltr'><strong>idem</strong></span> <span class='ocrx_word' id='word_1_287' title='bbox 1025 3466 1169 3528; x_wconf 90' lang='lat' dir='ltr'><strong>continuo</strong></span> 
     </span>
    </p>
   </div>
   <div class='ocr_carea' id='block_1_10' title="bbox 110 3635 1183 3949">
    <p class='ocr_par' dir='ltr' id='par_1_12' title="bbox 110 3635 1183 3949">
     <span class='ocr_line' id='line_1_37' title="bbox 170 3635 1172 3700; baseline -0.007 -9"><span class='ocrx_word' id='word_1_288' title='bbox 170 3638 187 3691; x_wconf 90' lang='lat'><strong><em>6</em></strong></span> <span class='ocrx_word' id='word_1_289' title='bbox 203 3655 247 3690; x_wconf 85' lang='lat' dir='ltr'><strong>eae</strong></span> <span class='ocrx_word' id='word_1_290' title='bbox 263 3637 403 3689; x_wconf 87' lang='lat' dir='ltr'><strong>serviebant</strong></span> <span class='ocrx_word' id='word_1_291' title='bbox 418 3637 460 3686; x_wconf 88' lang='lat' dir='ltr'><strong>Ba</strong></span> <span class='ocrx_word' id='word_1_292' title='bbox 476 3637 514 3686; x_wconf 84' lang='lat' dir='ltr'><strong>Be</strong></span> <span class='ocrx_word' id='word_1_293' title='bbox 528 3635 610 3686; x_wconf 78' lang='lat' dir='ltr'><strong>Her&#39;ne</strong></span> <span class='ocrx_word' id='word_1_294' title='bbox 620 3642 679 3700; x_wconf 80' lang='lat' dir='ltr'><strong>post</strong></span> <span class='ocrx_word' id='word_1_295' title='bbox 693 3635 876 3700; x_wconf 81' lang='lat' dir='ltr'><strong>Heusr&#39;ngerum</strong></span> <span class='ocrx_word' id='word_1_296' title='bbox 892 3635 945 3685; x_wconf 84' lang='lat' dir='ltr'><strong>coll.</strong></span> <span class='ocrx_word' id='word_1_297' title='bbox 965 3635 1015 3686; x_wconf 82' lang='lat' dir='ltr'><strong>Cic.</strong></span> <span class='ocrx_word' id='word_1_298' title='bbox 1032 3635 1062 3686; x_wconf 75' lang='lat' dir='ltr'><strong>de</strong></span> <span class='ocrx_word' id='word_1_299' title='bbox 1080 3644 1143 3687; x_wconf 83' lang='lat' dir='ltr'><strong>orat.</strong></span> <span class='ocrx_word' id='word_1_300' title='bbox 1158 3648 1172 3684; x_wconf 88' lang='lat'><em>1</em></span> 
     </span>
     <span class='ocr_line' id='line_1_38' title="bbox 122 3719 1169 3786; baseline -0.001 -15"><span class='ocrx_word' id='word_1_301' title='bbox 122 3722 207 3786; x_wconf 66' lang='lat'><strong>5178,</strong></span> <span class='ocrx_word' id='word_1_302' title='bbox 224 3721 253 3771; x_wconf 72' lang='lat' dir='ltr'><strong>de</strong></span> <span class='ocrx_word' id='word_1_303' title='bbox 268 3721 316 3784; x_wconf 77' lang='lat' dir='ltr'><strong>leg.</strong></span> <span class='ocrx_word' id='word_1_304' title='bbox 330 3736 384 3784; x_wconf 80' lang='lat' dir='ltr'><strong>agr.</strong></span> <span class='ocrx_word' id='word_1_305' title='bbox 397 3724 430 3758; x_wconf 84' lang='lat'><strong>111</strong></span> <span class='ocrx_word' id='word_1_306' title='bbox 445 3721 458 3780; x_wconf 69' lang='grc' dir='ltr'><strong>ἕ</strong></span> <span class='ocrx_word' id='word_1_307' title='bbox 474 3734 498 3785; x_wconf 90' lang='lat'><strong>9,</strong></span> <span class='ocrx_word' id='word_1_308' title='bbox 518 3733 562 3768; x_wconf 87' lang='lat' dir='ltr'><strong>eae</strong></span> <span class='ocrx_word' id='word_1_309' title='bbox 578 3734 638 3784; x_wconf 88' lang='lat' dir='ltr'><strong>ergo</strong></span> <span class='ocrx_word' id='word_1_310' title='bbox 654 3719 794 3769; x_wconf 87' lang='lat' dir='ltr'><strong>serviebant</strong></span> <span class='ocrx_word' id='word_1_311' title='bbox 809 3720 841 3768; x_wconf 87' lang='lat' dir='ltr'><strong>St</strong></span> <span class='ocrx_word' id='word_1_312' title='bbox 854 3734 884 3768; x_wconf 76' lang='lat' dir='ltr'><strong>ex</strong></span> <span class='ocrx_word' id='word_1_313' title='bbox 897 3719 960 3768; x_wconf 83' lang='lat' dir='ltr'><strong>coni.</strong></span> <span class='ocrx_word' id='word_1_314' title='bbox 995 3721 1005 3778; x_wconf 83' lang='lat' dir='ltr'><strong>ll</strong></span> <span class='ocrx_word' id='word_1_315' title='bbox 1044 3731 1073 3783; x_wconf 83' lang='lat'><strong>17</strong></span> <span class='ocrx_word' id='word_1_316' title='bbox 1090 3719 1169 3770; x_wconf 89' lang='lat' dir='ltr'><strong>teneri</strong></span> 
     </span>
     <span class='ocr_line' id='line_1_39' title="bbox 122 3798 1183 3866; baseline -0.002 -15"><span class='ocrx_word' id='word_1_317' title='bbox 122 3799 205 3851; x_wconf 81' lang='lat' dir='ltr'><strong>Heine</strong></span> <span class='ocrx_word' id='word_1_318' title='bbox 214 3806 300 3849; x_wconf 83' lang='lat' dir='ltr'><strong>contra</strong></span> <span class='ocrx_word' id='word_1_319' title='bbox 309 3799 372 3848; x_wconf 80' lang='lat' dir='ltr'><strong>codd.</strong></span> <span class='ocrx_word' id='word_1_320' title='bbox 410 3802 423 3858; x_wconf 79' lang='lat' dir='ltr'><strong>ll</strong></span> <span class='ocrx_word' id='word_1_321' title='bbox 458 3813 489 3864; x_wconf 78' lang='lat'><strong>23</strong></span> <span class='ocrx_word' id='word_1_322' title='bbox 505 3799 594 3866; x_wconf 89' lang='lat' dir='ltr'><strong>plagas</strong></span> <span class='ocrx_word' id='word_1_323' title='bbox 605 3799 678 3866; x_wconf 80' lang='lat' dir='ltr'><strong>uulgo</strong></span> <span class='ocrx_word' id='word_1_324' title='bbox 691 3805 778 3851; x_wconf 85' lang='lat' dir='ltr'><strong>contra</strong></span> <span class='ocrx_word' id='word_1_325' title='bbox 789 3798 856 3851; x_wconf 82' lang='lat' dir='ltr'><strong>codd.</strong></span> <span class='ocrx_word' id='word_1_326' title='bbox 889 3801 906 3861; x_wconf 75' lang='lat' dir='ltr'><strong>ll</strong></span> <span class='ocrx_word' id='word_1_327' title='bbox 939 3798 1183 3864; x_wconf 60' lang='lat' dir='ltr'><strong>aqumbobomum</strong></span> 
     </span>
     <span class='ocr_line' id='line_1_40' title="bbox 110 3875 989 3949; baseline 0.013 -29"><span class='ocrx_word' id='word_1_328' title='bbox 110 3881 215 3936; x_wconf 83' lang='lat' dir='ltr'><strong>propter</strong></span> <span class='ocrx_word' id='word_1_329' title='bbox 224 3875 283 3923; x_wconf 77' lang='lat' dir='ltr'><strong>vitia</strong></span> <span class='ocrx_word' id='word_1_330' title='bbox 295 3877 390 3928; x_wconf 83' lang='lat' dir='ltr'><strong>vendas</strong></span> <span class='ocrx_word' id='word_1_331' title='bbox 398 3878 555 3932; x_wconf 83' lang='lat' dir='ltr'><strong>seclusicum</strong></span> <span class='ocrx_word' id='word_1_332' title='bbox 566 3883 612 3935; x_wconf 85' lang='lat' dir='ltr'><strong>Ba</strong></span> <span class='ocrx_word' id='word_1_333' title='bbox 622 3883 704 3936; x_wconf 77' lang='lat' dir='ltr'><strong>Heine</strong></span> <span class='ocrx_word' id='word_1_334' title='bbox 710 3883 762 3938; x_wconf 83' lang='lat' dir='ltr'><strong>Mu</strong></span> <span class='ocrx_word' id='word_1_335' title='bbox 771 3889 871 3936; x_wconf 77' lang='lat' dir='ltr'><strong>auctore</strong></span> <span class='ocrx_word' id='word_1_336' title='bbox 885 3881 989 3949; x_wconf 77' lang='lat' dir='ltr'><strong>Ungeto</strong></span> 
     </span>
    </p>
   </div>
   <div class='ocr_carea' id='block_1_11' title="bbox 0 0 1294 4184">
    <p class='ocr_par' dir='ltr' id='par_1_13' title="bbox 0 0 1294 4184">
     <span class='ocr_line' id='line_1_41' title="bbox 0 0 1294 4184; baseline 0 1"><span class='ocrx_word' id='word_1_337' title='bbox 0 0 1294 4184; x_wconf 95' lang='lat' dir='ltr'><strong> </strong></span> 
     </span>
    </p>
   </div>
  </div>
 </body>
</html>
