2580 4184
91 207 142 267 Ill
157 222 238 267 xxxr
255 204 325 288 112]
373 209 424 267 De
440 207 609 268 contentione
628 210 752 268 Honesti
768 214 796 269 et
822 209 910 270 [stilis
1084 227 1139 288 133

89 375 139 449 vit,
154 374 265 436 idcirco
279 375 335 437 sibi
349 377 508 437 honestum
524 388 553 437 et
568 377 675 438 sentire
689 376 739 436 illa
752 389 782 438 et
799 376 862 453 pati
882 376 1015 437 credidit.
1059 379 1140 438 Nam

115 504 141 546 ἰν,
156 504 303 556 mmm.
341 476 425 553 quod
444 474 536 548 aiunt,
551 476 635 552 quod
654 475 741 535 valde
759 475 831 536 utile
851 474 897 550 sit,
913 474 944 534 id
957 473 1020 535 fieri
1033 475 1141 536 hones·

89 556 306 656 2ssflmbssle¹¹ffieissg
342 581 416 644 tum,
431 570 524 631 immo
539 591 609 632 vero
623 590 697 644 esse,
712 590 774 630 non
787 570 858 632 fieri.
902 573 956 631 Est
970 570 1051 631 enim
1065 571 1139 632 nihil

89 655 306 748 ξνξξῶθῇζῇξξζξξῖ
342 668 414 729 utile
433 669 515 746 quod
532 668 613 729 idem
631 688 693 729 non
706 670 874 743 honestum,
890 669 1042 746 nec‚·quia
1055 669 1136 744 utile,

88 756 143 800 ³⁰¹⁸·
342 766 510 838 honesturn,
532 766 587 825 sed
608 764 678 842 quia
705 766 872 839 honestum,
894 765 974 826 utile.
1018 767 1086 841 Qua
1107 787 1139 828 re
1171 782 1185 832 ⁵

88 878 125 920 ex
151 861 251 923 multis
278 860 461 922 mirabilibus
488 861 632 938 exemplis
659 862 742 921 haud
761 861 846 922 facile
867 860 933 940 quis
954 861 1061 923 dixerit
1081 863 1139 923 hoc

88 961 226 1036 exemplo
239 970 291 1019 aut
304 959 480 1020 laudabilius
494 971 546 1019 aut
559 959 765 1036 praestantius.

10 1066 75 1116 xxt
404 1076 469 1116 111.
509 1058 567 1118 Sed
589 1077 626 1116 ex
646 1068 709 1117 tota
729 1058 787 1116 hac
806 1058 895 1118 laude
917 1057 1025 1135 Reguli
1047 1078 1140 1118 unum

89 1127 258 1220 ηᾞῖἷυζῗῗζξ
266 1128 306 1220 „ii
342 1153 415 1215 illud
429 1165 474 1214 est
487 1153 683 1215 admiratione
701 1153 834 1232 dignum,
849 1156 933 1232 quod
952 1155 1082 1232 captivos
1098 1175 1141 1216 re·

88 1243 112 1270 so
130 1229 260 1270 remarkable
282 1229 304 1270 in
356 1252 362 1264 ·
590 1253 596 1265 ·
911 1254 928 1266 ..
1021 1253 1027 1266 .

88 1293 115 1319 ,n
132 1292 173 1329 ,ge
188 1279 257 1320 which
273 1292 305 1320 ,a
341 1255 481 1314 truendos
495 1265 619 1314 censurt.
664 1255 744 1313 Nam
758 1255 842 1331 quod
856 1256 943 1315 redut
957 1256 1044 1314 nobrs
1059 1275 1138 1315 nunc
1155 1272 1186 1308 10

87 1329 304 1431 {fflfflgssssss
341 1348 474 1410 mirabile
493 1348 619 1421 videtur,
635 1348 692 1409 illis
711 1350 834 1426 quidem
853 1350 1035 1427 temporibus
1056 1351 1140 1412 aliter

88 1429 305 1531 ff‘pffffifissffi
342 1448 438 1507 facere
464 1467 526 1508 uon
554 1447 658 1525 potuit
703 1450 810 1525 Itaque
837 1446 894 1507 ista
920 1450 984 1507 laus
1010 1467 1073 1509 non
1095 1459 1140 1509 est

89 1529 304 1629 ffiffiffffflss]
341 1543 480 1617 hominis,
509 1546 562 1604 sed
590 1555 765 1621 temporum.
823 1546 948 1604 Nullum
976 1543 1057 1604 enim
1080 1544 1142 1605 vin·

89 1630 174 1730 {3³2⁶}
191 1630 305 1731 ggssggffi
341 1643 440 1701 culum
474 1640 513 1699 ad
547 1639 767 1717 astringendam
800 1640 892 1700 fidem
925 1638 988 1699 iure
1014 1638 1140 1700 iurando

88 1730 305 1833 fflssffflffl'
342 1734 469 1795 maiores
496 1734 586 1794 artius
614 1752 680 1794 esse
713 1735 878 1795 voluerunt.
935 1736 973 1794 Id
1007 1733 1140 1795 indicant
1155 1755 1182 1806 15

339 1833 420 1908 leges
448 1830 479 1889 in
503 1829 662 1890 duodecim
693 1829 811 1903 tabulis,
840 1829 974 1890 indicant
1000 1842 1140 1904 sacratae,

89 1926 222 1988 indicant
248 1928 378 1998 foedera,
404 1927 510 2004 quibus
535 1927 624 1987 etiam
652 1946 723 1985 cum
750 1927 835 1987 hoste
864 1926 1030 1987 devincitur
1055 1927 1139 2001 fides,

88 2022 222 2083 indicant
241 2023 379 2084 notiones
398 2022 729 2099 animadversionesque
748 2043 914 2096 censorum,
932 2022 984 2100 qui
1002 2025 1084 2083 nulla
1102 2025 1141 2084 de

87 2142 118 2182 re
146 2121 315 2198 diligentius
343 2141 434 2199 quam
463 2123 501 2182 de
531 2122 593 2183 iure
621 2121 747 2182 iurando
774 2120 952 2181 iudicabant
1002 2140 1066 2180 112.
1104 2123 1137 2181 L.

89 2217 204 2279 Manlio
231 2220 268 2277 A.
294 2221 315 2294 s,
345 2237 415 2278 cum
436 2218 563 2279 dictator
587 2218 697 2290 suisset,
724 2219 767 2277 M.
795 2217 978 2294 Pomponius
1005 2217 1139 2277 tribunus
1152 2240 1184 2276 20

88 2312 183 2389 plebis
210 2313 291 2374 diem
321 2313 403 2386 dixit,
430 2316 515 2392 quod
536 2315 561 2374 is
583 2334 694 2392 paucos
722 2315 778 2376 sibi
806 2315 869 2376 dies
896 2316 936 2376 ad
963 2315 1139 2376 dictaturam

88 2412 247 2487 gerendam
263 2411 427 2472 addidisset
435 2434 445 2487 3
466 2412 676 2472 criminabatur
695 2413 793 2487 etiam,
809 2414 892 2490 quod
911 2413 1015 2473 Titum
1036 2412 1137 2486 filium,

88 2506 139 2583 qui
155 2520 260 2585 postea
281 2518 325 2567 est
343 2510 513 2585 Torquatus
537 2511 710 2586 appellatus,
733 2511 772 2570 ab
792 2509 963 2571 hominibus
980 2511 1139 2588 relegasset

87 2616 117 2664 et
143 2604 202 2665 ruri
223 2605 356 2666 habitare
380 2605 519 2668 iussisset.
563 2609 655 2683 Quod
677 2628 746 2668 cum
773 2607 935 2668 audivisset
963 2610 1137 2670 adulescens

86 2701 162 2762 filius
183 2702 334 2780 negotium
353 2700 484 2764 exhiberi
497 2703 581 2781 patri,
597 2705 757 2766 accurrisse
771 2707 902 2765 Romam
915 2717 946 2768 et
959 2727 1028 2766 cum
1041 2706 1137 2784 primo
1152 2727 1180 2778 ²5

86 2797 144 2858 luci
172 2799 330 2876 Pomponii
355 2801 480 2860 domum
500 2801 616 2862 venisse
637 2803 752 2864 dicitur.
796 2802 854 2864 Cui
874 2823 944 2863 cum
966 2816 1044 2865 esset
1065 2825 1138 2864 nun·

86 2897 199 2972 natum,
234 2897 287 2975 qui
320 2898 404 2959 illum
438 2899 544 2959 iratum
579 2903 736 2961 allaturum
769 2903 809 2963 ad
836 2922 868 2962 se
895 2902 1007 2979 aliquid
1034 2916 1138 2964 contra

86 3006 199 3072 patrem
223 2995 417 3071 arbitraretur,
444 2998 565 3059 surrexit
589 3019 606 3060 e
631 3001 741 3060 lectulo
762 3000 942 3077 remotisque
962 2999 1077 3061 arbitris
1097 3002 1137 3061 ad

86 3112 117 3152 se
140 3094 362 3153 adulescentem
384 3094 467 3154 iussit
490 3095 598 3156 venire.
640 3099 682 3156 At
707 3097 763 3165 ille,
773 3107 806 3156 ut
827 3097 974 3174 ingressus
992 3109 1046 3171 est,
1067 3117 1137 3158 con-

85 3190 182 3251 festim
209 3190 342 3268 gladium
370 3192 524 3252 destrinxit
552 3192 715 3271 iuravitque
742 3213 774 3254 se
801 3194 884 3254 illum
918 3193 1016 3255 statim
1050 3194 1136 3255 inter·
1149 3213 1180 3261 30

85 3288 237 3360 lecturum,
258 3285 316 3346 nisi
336 3286 381 3347 ius
402 3287 558 3349 iurandum
588 3289 644 3350 sibi
672 3290 803 3351 dedisset
826 3311 858 3351 se
878 3303 992 3368 patrem
1013 3290 1135 3351 missum

85 3402 149 3443 esse
169 3384 324 3443 facturum.
367 3384 479 3445 Iuravit
500 3386 558 3445 hoe
579 3397 688 3448 terrore
713 3399 833 3447 coactus
854 3387 1036 3464 Pomponius
1043 3408 1051 3460 ;
1071 3408 1134 3449 rem

85 3479 124 3537 ad
144 3479 289 3554 populum
309 3478 424 3552 detulit,
450 3479 552 3540 docuit
576 3499 629 3540 cur
656 3480 711 3542 sibi
736 3501 827 3542 causa
849 3482 989 3543 desistere
1013 3501 1135 3544 necesse

84 3586 169 3643 esset,
195 3574 343 3635 Manlium
365 3575 489 3637 missum
517 3577 594 3639 fecit.
637 3581 768 3639 Tantum
793 3579 976 3657 temporibus
1004 3579 1061 3640 illis
1088 3579 1134 3640 ius

85 3672 242 3733 iurandum
268 3674 392 3734 valebat
447 3678 548 3752 Atque
582 3676 631 3737 hic
658 3680 695 3736 T.
726 3677 858 3737 Manlius
884 3676 910 3738 is
937 3689 990 3751 est,
1018 3677 1072 3755 qui
1095 3679 1133 3738 ad
1147 3692 1177 3744 35

135 3827 165 3877 ²5
181 3827 239 3862 eum
252 3812 334 3876 primo
349 3812 398 3862 luci
409 3814 439 3862 St
448 3812 531 3862 Heine
536 3813 586 3862 Mu
593 3814 630 3865 Be
643 3813 681 3864 Or
721 3816 733 3874 {t
786 3827 817 3880 35
830 3814 916 3882 Atque
924 3813 971 3864 bie
979 3814 1146 3863 &bbendum

79 3895 136 3940 -in
152 3893 230 3942 Altum
249 3901 283 3943 ut
295 3894 414 3946 emblema
428 3897 528 3949 seclusit
544 3899 596 3964 Ba,
622 3899 788 3969 nespicionem
806 3901 863 3953 iant
882 3903 1017 3952 materam
1046 3894 1167 3948 Ernesto
