2580 4184
78 235 114 295 11
127 250 160 295 vr
176 230 228 316 21]
528 236 578 294 De
596 235 665 294 utili
1092 239 1130 312 67

76 398 252 460 excitantur.
299 403 343 461 18.
387 399 506 460 Etenim
536 399 628 460 virtus
657 397 753 459 omnis
780 397 873 459 tribus
896 399 928 459 in
955 403 1043 460 rebus
1064 402 1126 461 fere

49 522 54 539 ·
75 494 207 568 vertitur,
230 514 356 574 quarum
376 516 438 557 una
458 508 502 557 est
522 496 554 556 in
574 494 782 574 perspiciendo
813 495 887 573 quid
906 494 938 556 in
958 515 1077 573 quaque
1097 514 1129 559 re

75 609 180 653 verum
194 590 403 669 sincerumque
418 592 463 667 sit,
476 592 549 670 quid
562 602 797 653 consentaneum
811 591 926 669 cuique,
939 592 1012 668 quid
1026 611 1130 653 conse·

77 707 183 766 quens,
198 708 236 750 ex
250 708 310 765 quo
325 708 461 766 quaeque
474 689 638 767 gignantur,
655 707 732 766 quae
748 687 892 765 cuiusque
909 689 951 749 rei
966 709 1055 750 causa
1071 689 1129 765 sit;

76 787 206 846 alterum
231 785 370 861 cohibere
398 797 497 847 motus
526 784 618 845 animi
646 784 787 858 turbatos,
816 805 892 862 quos
920 784 1025 846 Graeci
1052 785 1130 863 πάθη
1157 816 1172 866 g

77 881 246 954 nominant,
260 881 524 960 appetitionesque,
541 901 615 959 quas
630 880 673 942 illi
691 879 786 957 ὁρμάς,
802 881 995 943 oboedientes
1013 884 1128 945 efficere

76 977 205 1052 rationi3
225 977 345 1039 tertium
365 978 409 1053 iis,
432 978 610 1054 quibuscum
624 997 844 1056 congregemur,
867 977 910 1037 uti
926 979 1078 1039 moderate
1098 991 1130 1041 et

77 1074 215 1149 scienter,
245 1063 372 1152 quorum
399 1075 505 1154 studiis
534 1095 576 1152 ea,
599 1093 676 1151 quae
703 1086 807 1134 natura
838 1073 994 1151 desiderat,
1013 1077 1129 1152 expleta

77 1173 291 1247 cumulataque
318 1165 488 1247 habeamus,
504 1191 558 1248 per
579 1170 771 1247 eosdemque,
805 1169 830 1230 si
857 1170 930 1247 quid
955 1170 1130 1248 importetur

77 1266 166 1328 nobis
187 1266 382 1341 incommodi,
398 1269 607 1345 propulsemus
626 1266 862 1343 ulciscamurque
881 1267 1003 1344 eosqui
1020 1286 1128 1328 nocere
1142 1289 1172 1324 ιο

77 1362 167 1424 nobis
185 1361 287 1423 conati
307 1361 373 1436 sint,
388 1373 530 1441 tantaque
542 1373 641 1441 poena
654 1361 833 1439 adiiciamus,
842 1374 981 1440 quantam
995 1362 1128 1441 aequitas

78 1458 312 1536 humanitasque
326 1459 443 1537 patitur.

30 1555 69 1606 Vl
396 1577 440 1633 19.
485 1555 601 1631 Quibus
623 1567 725 1616 autem
748 1554 911 1616 rationibus
934 1556 1012 1614 hanc
1038 1557 1127 1615 iacul-

78 1639 296 1732 &wall
333 1664 425 1715 tatem
452 1653 569 1731 assequi
595 1653 752 1731 possimus,
780 1664 814 1714 ut
840 1653 995 1714 hominum
1029 1653 1126 1714 studia

77 1740 296 1832 ffifflffi'g
332 1751 566 1827 complectamur
587 1768 682 1826 eaque
698 1760 861 1822 teneamus,
880 1749 1012 1810 dicemus
1029 1770 1125 1827 neque
1139 1768 1168 1818 15

76 1840 296 1943 g‘ffiffig'w
333 1845 375 1906 ita
395 1847 489 1906 multo
511 1856 587 1922 post,
612 1847 666 1906 sed
689 1864 784 1923 pauca
804 1856 874 1906 ante
896 1845 1023 1906 dicenda
1049 1858 1125 1908 sunt.

334 1946 478 2021 Magnam
504 1942 565 2002 vim
593 1961 658 2001 esse
685 1941 717 2000 in
744 1943 886 2001 fortuna
912 1941 944 2002 in
970 1953 1125 2018 utramque

77 2053 203 2122 partem,
211 2043 260 2102 vel
278 2041 423 2102 secundas
441 2039 479 2098 ad
497 2057 543 2098 res
560 2040 608 2098 vel
625 2040 771 2112 adversas,
786 2037 852 2115 quis
871 2036 1005 2116 ignorat?
1046 2041 1126 2099 Nam

80 2150 195 2200 etcum
209 2157 352 2216 prospero
369 2138 441 2196 flatu
460 2134 523 2195 eius
542 2135 658 2209 utimur,
679 2135 718 2194 ad
732 2134 826 2194 exitus
844 2134 1031 2212 pervehimur
1044 2147 1125 2211 opta·

78 2246 135 2309 tos,
151 2247 187 2312 et,
196 2254 266 2294 cum
280 2234 399 2306 reflavit,
405 2231 567 2309 affligimur.
604 2234 693 2291 Haec
706 2231 791 2309 igitur
804 2230 868 2307 ipsa
881 2233 998 2291 fortuna
1011 2243 1125 2292 ceteros
1137 2248 1168 2284 ²0

78 2352 166 2393 casus
179 2330 303 2392 rariores
316 2331 414 2403 habet,
428 2329 556 2407 primum
569 2329 608 2388 ab
622 2327 759 2388 inanimis
779 2330 922 2405 procellas
936 2339 1125 2406 tempestates

78 2429 240 2508 naufragia,
252 2427 351 2488 ruinas
371 2425 517 2500 incendia,
539 2425 648 2486 deinde
669 2446 688 2485 a
711 2424 811 2485 bestiis
835 2425 910 2485 ictus
932 2446 1046 2486 morsus
1073 2425 1127 2486 im·

81 2539 175 2604 petus
226 2545 273 2586 20.
316 2527 404 2584 Haec
425 2542 503 2601 ergo,
525 2532 558 2582 ut
578 2521 647 2597 dixi,
669 2520 784 2582 rariora
826 2525 867 2582 At
894 2543 964 2584 vero
991 2523 1125 2584 interitus

79 2621 272 2696 exercituum,
293 2633 327 2681 ut
348 2619 479 2698 proxime
500 2617 597 2693 trium,
619 2638 707 2695 saepe
726 2621 894 2691 multorum,
916 2621 1016 2680 clades
1035 2619 1126 2698 impe·

80 2730 220 2791 ratorum,
240 2730 273 2778 ut
292 2737 386 2795 nuper
404 2716 511 2777 summi
529 2726 557 2776 et
579 2714 731 2793 singularis
750 2715 811 2790 viri,
827 2714 955 2776 invidiae
975 2729 1125 2794 praeterea
1137 2735 1167 2784 25

77 2814 277 2877 multitudinis
290 2825 380 2891 atque
394 2815 433 2874 ob
447 2832 497 2873 eas
512 2815 589 2873 bene
607 2812 778 2872 meritorum
797 2832 884 2890 saepe
899 2812 1007 2873 civium
1026 2815 1125 2891 expul-

80 2911 187 2984 siones,
216 2911 405 2983 calamitates,
434 2911 528 2987 fugae,
557 2927 714 2985 rursusque
739 2910 887 2969 secundae
907 2929 963 2982 res,
986 2911 1123 2984 honores,

79 3007 210 3088 imperia,
231 3008 379 3082 victoriae,
400 3027 580 3084 quamquam
601 3005 720 3068 fortuita
737 3018 813 3080 sunt,
831 3016 931 3065 tamen
949 3005 1012 3067 sine
1031 3006 1125 3067 homi·

81 3126 152 3166 num
182 3105 288 3184 opibus
319 3116 348 3166 et
376 3105 480 3165 studiis
510 3116 645 3164 neutram
676 3104 706 3164 in
733 3116 847 3183 partem
880 3105 956 3165 effici
990 3117 1123 3184 possunt

81 3206 153 3264 Hoc
177 3203 265 3281 igitur
291 3202 413 3281 cognito
434 3202 594 3263 dicendum
616 3212 668 3276 est,
697 3221 828 3278 quonam
854 3203 947 3264 modo
969 3202 1123 3263 hominum
1136 3222 1168 3273 3⁰

83 3299 203 3359 studia
223 3300 262 3358 ad
281 3299 421 3358 utilitates
440 3309 554 3358 nostras
573 3298 689 3358 allicere
708 3309 797 3375 atque
820 3297 946 3359 excitare
968 3298 1123 3376 possimus

80 3397 164 3474 Quae
183 3395 209 3456 si
228 3395 344 3472 longior
361 3396 447 3456 fuerit
467 3395 569 3470 oratic,
588 3415 658 3456 cum
673 3396 878 3473 magnitudine
894 3395 1026 3455 utilitatis
1044 3414 1124 3455 com·

329 3505 464 3573 paretur:
493 3494 535 3555 ita
560 3495 683 3555 fortasse
711 3492 801 3555 etiam
828 3493 944 3554 brevior
966 3491 1121 3553 videbitur.

80 3554 297 3647 milirfflllell
333 3611 379 3652 21.
423 3593 637 3667 Quaecumque
664 3588 752 3668 igitur
778 3588 915 3649 homines
939 3586 1054 3648 homini
1076 3586 1124 3648 tri-

80 3653 224 3698 h⁸¹¹⁶w⁰ffi
327 3688 424 3749 buunt
442 3687 482 3746 ad
500 3705 570 3747 eum
590 3686 762 3763 augendum
782 3695 873 3762 atque
893 3684 1121 3759 honestassdums
1137 3693 1167 3746 ³⁵

128 3840 144 3882 4
159 3820 268 3886 quidque
281 3821 399 3884 gignatur
408 3821 435 3869 Z
440 3835 498 3869 cum
506 3819 570 3871 cadat
584 3833 641 3871 rect.
702 3821 714 3880 l
777 3830 986 3888 7congregamur
1000 3819 1040 3874 Or
1049 3823 1137 3871 contro

72 3900 137 3947 tabl.
196 3903 215 3954 tl
277 3913 307 3948 ιι
316 3900 420 3949 sartha
429 3902 631 3956 ffamMucum
642 3904 741 3976 antiqq.
756 3905 836 3974 codd,
850 3914 913 3962 sunt
925 3906 965 3962 Or

997 4027 1084 4094 5-2
