2580 4184
94 204 229 263 Ixxxvr
248 199 317 286 131]
423 209 567 263 externam
587 205 698 280 specim
712 205 839 280 pertinet
1112 224 1151 281 47

94 367 147 447 qui
166 370 389 447 reprehendunt
407 380 437 430 et
453 367 591 442 inrident,
606 370 689 447 quod
703 388 747 442 ea,
763 388 839 445 quae
854 389 884 429 re
898 368 993 446 turpia
1006 388 1068 429 non
1082 369 1150 442 siut,

95 465 283 548 [nominibus
306 463 354 548 ac]
378 466 475 528 verbis
499 465 643 544 flagitiosa
670 468 821 541 ducamus,
852 465 903 526 illa
938 477 1046 538 autem,
1072 485 1149 543 quae

94 564 193 641 turpia
213 563 281 638 sint,
302 563 472 625 nominibus
493 564 675 640 appellemus
689 562 756 623 suis
801 561 990 635 Latrocinari,
1006 562 1149 635 fraudare,

95 661 262 721 adulterare
282 681 313 722 re
334 672 420 738 turpe
441 672 493 734 est,
509 661 563 721 sed
584 660 690 721 dicitur
710 680 772 720 non
794 661 922 721 obscene
931 679 941 733 ;
961 658 1059 720 liberis
1080 660 1150 720 dare
1192 698 1200 716 .

95 777 218 835 operam
231 778 263 819 re
277 759 435 820 honestum
449 770 502 832 est,
517 757 638 819 nomine
653 758 825 831 obscenum,
873 757 1015 834 pluraque
1033 755 1065 815 iu
1083 775 1150 816 earn
1172 776 1193 826 ·5

96 854 275 915 sententiam
295 857 334 916 ab
354 855 468 916 eisdem
488 867 592 915 contra
611 855 821 939 verecundiam
842 854 1034 930 disputantur.
1085 855 1151 914 Nos

96 963 199 1014 autem
220 965 354 1013 naturam
374 971 532 1030 sequamur
551 961 582 1013 et
601 953 640 1013 ab
661 952 751 1026 omni,
767 954 850 1029 quod
868 953 1005 1013 abhorret
1025 951 1063 1011 ab
1084 970 1152 1012 ocu·

97 1048 195 1109 lorum
229 1049 403 1127 auriumque
437 1047 658 1127 approbatione,
687 1049 841 1126 fugiamus.
885 1051 982 1109 Status
1009 1046 1150 1120 incessus,

97 1146 191 1207 sessio
217 1146 374 1221 accubiti0,
402 1148 500 1208 vultus
528 1145 614 1219 oculi,
636 1165 778 1205 manuum
805 1156 903 1206 motus
941 1154 1041 1206 teneat
1077 1142 1152 1202 illud

99 1245 251 1304 decorum.
309 1263 374 1321 129.
418 1243 535 1320 Quibus
549 1243 581 1303 in
595 1243 682 1303 rebus
696 1244 758 1304 duo
771 1242 898 1303 maxime
912 1253 981 1302 sunt
994 1242 1141 1320 fugienda,
1166 1270 1195 1305 ιο

99 1359 137 1400 ne
152 1340 226 1417 quid
245 1341 449 1402 effeminatum
462 1351 514 1399 aut
527 1341 617 1401 molle
637 1351 667 1401 et
683 1359 722 1400 ne
736 1338 811 1416 quid
825 1341 932 1400 durum
945 1350 997 1400 aut
1010 1339 1150 1400 rusticum
1193 1354 1197 1363 ·

97 1437 143 1498 sit.
186 1440 254 1498 Nec
267 1457 337 1499 vero
352 1436 543 1498 histrionibus
561 1436 782 1514 oratoribusque
801 1437 1029 1497 concedendurn
1049 1448 1102 1511 est,
1118 1448 1152 1497 ut

97 1533 134 1594 iis
151 1535 228 1595 haec
245 1545 315 1612 apta
334 1533 402 1608 siut,
417 1533 503 1594 nobis
524 1533 673 1594 dissoluta
716 1532 923 1593 Scaenicorum
944 1532 1065 1610 quidem
1086 1553 1151 1594 mos

97 1643 211 1692 tantam
242 1631 332 1692 habet
351 1642 450 1692 vetere
481 1630 636 1708 disciplina
662 1630 879 1703 verecundiam,
901 1639 934 1690 ut
960 1629 991 1689 in
1013 1650 1151 1690 scaenam

98 1728 162 1790 sine
190 1729 372 1806 subligaculo
392 1728 516 1805 prodeat
540 1746 648 1802 nemo3
682 1736 818 1787 verentur
844 1726 924 1786 enim
962 1747 1009 1801 ne,
1038 1727 1063 1787 si
1090 1747 1193 1805 qu015

98 1844 169 1885 casu
189 1824 320 1887 evenerit
336 1836 369 1885 ut
387 1824 517 1901 corporis
536 1836 633 1901 partes
654 1824 800 1900 quaedam
821 1823 996 1900 aperiantur,
1011 1824 1152 1902 aspician-

98 1933 146 1982 tur
159 1941 222 1983 non
237 1923 352 1982 decore.
395 1923 507 1982 Nostro
521 1920 644 1997 quidem
657 1939 741 1980 more
759 1939 827 1980 cum
842 1921 1011 1997 parentibus
1025 1922 1151 1998 puberes

97 2020 159 2095 filii,
180 2040 251 2080 cum
272 2019 381 2080 soceris
401 2018 501 2097 generi
522 2038 584 2079 uon
605 2020 744 2079 lavantur.
797 2018 968 2079 Retinenda
994 2019 1080 2096 igitur
1107 2031 1151 2081 est

98 2119 186 2180 huius
207 2117 322 2196 generis
349 2116 536 2190 verecundia,
558 2116 727 2194 praesertim
749 2128 852 2177 natura
872 2116 936 2194 ipsa
958 2116 1095 2194 magistra
1122 2128 1152 2177 et

9 2237 84 2291 [xv1
118 2249 167 2300 (Bb,
180 2250 312 2301 Dugosex,
351 2215 436 2274 duce.
495 2233 560 2289 130.
604 2214 682 2274 Cum
709 2224 808 2272 autem
835 2211 1061 2288 pulchritudiuis
1089 2215 1150 2274 duo
1164 2241 1195 2275 20

98 2300 313 2403 {ffiss-‘gssfdolss
350 2330 459 2388 genera
485 2311 552 2384 sint,
574 2329 701 2387 quorum
728 2309 760 2369 iu
780 2312 872 2371 altero
889 2323 1028 2371 venustas
1049 2311 1095 2387 sit,
1116 2312 1148 2372 in

99 2402 209 2454 turcana
352 2408 445 2467 altero
472 2405 607 2483 dignitas,
628 2417 814 2466 venustatem
841 2405 1014 2466 muliebrem
1042 2409 1150 2468 ducere

99 2501 566 2581 debemusdignitatemvirilem.
600 2505 679 2580 Ergo
690 2505 851 2564 etasomra
860 2516 1044 2565 removeatur
1054 2506 1150 2567 omnis

97 2597 160 2659 viro
174 2617 237 2660 non
251 2599 358 2676 dignus
372 2610 491 2661 omatns
514 2610 544 2659 et
558 2598 628 2659 huic
641 2599 735 2659 simile
747 2598 851 2659 vitium
865 2599 896 2659 in
909 2613 994 2678 gestu
1008 2613 1150 2680 motuque

99 2707 244 2756 caveatur.
287 2698 366 2756 Nam
382 2706 413 2756 et
431 2694 595 2772 palaestrici
616 2706 714 2755 motus
736 2706 805 2755 sunt
828 2715 916 2772 saepe
938 2695 1100 2759 odiosiores
1121 2710 1150 2759 et
1164 2722 1193 2773 25

98 2792 276 2853 histrionum
290 2810 351 2852 nou
371 2791 444 2851 nulli
461 2802 561 2868 gestus
581 2789 698 2867 ineptiis
714 2809 777 2851 non
794 2802 900 2852 vacant
926 2803 956 2853 et
978 2791 1009 2852 in
1026 2805 1150 2870 utroque

98 2907 206 2966 genere
220 2907 298 2966 quae
311 2898 380 2947 sunt
393 2899 474 2948 recta
488 2899 519 2948 et
536 2887 680 2965 simplicia
697 2890 861 2950 laudantur.
905 2892 1031 2951 Formae
1050 2904 1149 2952 autem

100 2986 227 3064 dignitas
241 2984 348 3046 coloris
361 2983 493 3046 bonitate
512 2987 624 3045 tuenda
641 2997 694 3058 est,
712 2987 795 3046 color
814 2985 1070 3049 exercitationibus
1089 3009 1151 3050 cor-

98 3086 186 3163 poris.
229 3085 411 3145 Adhibenda
430 3098 580 3163 praeterea
599 3085 745 3145 munditia
764 3096 809 3146 est
833 3104 894 3145 non
922 3085 1027 3146 odiosa
1053 3107 1150 3163 neque

99 3184 246 3263 exquisita
265 3183 361 3258 nimis,
384 3194 498 3244 tantum
519 3203 596 3260 quae
616 3182 708 3260 fugiat
728 3195 872 3261 agrestem
899 3195 930 3244 et
956 3183 1149 3244 inhumanam
1163 3210 1195 3260 30

98 3280 323 3361 neglegentiam.
367 3282 483 3340 Eadem
496 3281 570 3341 ratio
584 3290 629 3341 est
645 3281 783 3341 habenda
796 3280 925 3355 vestitus,
940 3281 971 3342 in
990 3301 1060 3359 quc,
1075 3282 1149 3342 sicut

98 3379 129 3438 in
149 3377 297 3456 plerisque
317 3377 414 3450 rebus,
436 3376 623 3437 mediocritas
642 3375 755 3455 optima
773 3388 825 3438 est.
872 3397 936 3454 131.
974 3379 1149 3439 Cavendum

98 3487 198 3537 autern
216 3486 262 3536 est
281 3494 319 3536 ne
340 3486 391 3535 aut
409 3473 594 3535 tarditatibus
617 3485 734 3534 utamur
752 3473 783 3533 in
804 3473 935 3552 ingressu
958 3473 1148 3547 mollioribus,

98 3584 132 3633 ut
150 3592 327 3651 pomparum
348 3570 464 3632 ferculis
485 3571 594 3632 similes
614 3590 679 3632 esse
696 3570 857 3644 videamur,
872 3582 924 3630 aut
939 3570 971 3629 in
991 3570 1150 3632 festinatio·

100 3667 187 3730 nibus
202 3667 398 3744 suscipiamus
411 3667 518 3728 nimias
531 3668 703 3742 celeritates,
734 3687 809 3744 quae
823 3688 891 3728 cum
905 3671 988 3742 fiunt,
1003 3668 1149 3729 anhelitus
1162 3692 1192 3742 35

100 3775 264 3839 moventur,
284 3767 382 3825 vultus
402 3776 559 3837 mutantur,
575 3785 626 3827 ora
646 3776 838 3845 torquentur;
858 3785 896 3828 ex
915 3766 1026 3847 quibus
1042 3786 1158 3847 magna

94 3862 267 3938 significant>
277 3864 313 3920 dt
322 3880 384 3921 non
397 3863 504 3926 adesse
517 3865 730 3933 constantiam
776 3869 840 3936 Sed
854 3870 954 3938 multo
968 3869 1068 3937 etiarn
1074 3865 1178 3948 magis
