2580 4184
135 236 172 298 52
384 219 434 278 De
451 219 542 277 altera
555 222 645 294 pam
663 217 767 277 Decori
784 233 857 292 quae
874 215 919 276 ad
1010 209 1039 295 [1
1054 230 1107 273 xm
1126 233 1180 287 144

73 371 76 374 ⁴
133 404 210 463 quae
230 381 377 463 pertinent
397 383 436 445 ad
455 381 665 445 verecundiam
685 393 716 442 et
736 382 776 442 ad
800 399 902 443 eorum
923 379 1179 458 approbationem,

134 482 312 560 quibuscum
325 480 458 555 vivimus,
473 500 555 541 nunc
568 479 696 541 dicenda
710 490 786 540 sunt.
811 473 813 476 ’
833 499 897 554 144.
940 479 1022 540 Talis
1035 490 1081 540 est
1094 477 1183 556 igitur

160 591 349 653 eracemum
385 579 460 639 ordo
473 576 625 638 actionum
639 575 836 650 adhibendus,
848 586 890 648 ut,
900 591 990 654 quem
1004 577 1042 636 ad
1056 577 1181 637 modum

134 643 347 734 iiiiedeiifioeniiii?
384 674 416 736 in
431 675 564 736 oratione
577 672 735 748 constanti,
752 674 795 735 sic
809 674 840 734 in
853 674 913 735 vita
927 673 1028 735 omnia
1041 672 1099 735 siut
1113 685 1182 753 apta

135 743 349 836 guillislllllll}
385 771 462 834 inter
483 792 515 834 se
536 783 566 834 et
587 770 812 845 convenientia3
832 782 917 849 turpe
934 761 1014 831 enim
1034 772 1182 848 valdeque
1209 787 1223 837 5

135 843 348 894 mvemlparmasis
406 869 437 882 ,ι
539 869 547 882 ·
831 867 867 882 ι.
931 868 937 881 ·
1127 870 1133 883 .

134 907 148 934 a
165 894 271 936 discourse
287 894 347 939 exhi·
385 881 524 930 vltlosum
538 889 569 929 ln
582 889 614 930 l'e
632 888 734 930 Severa
750 888 889 930 conVlVlo
907 870 997 946 digna
1011 881 1062 931 aut
1076 871 1183 932 delica-

134 943 349 1046 ᾎἙξοςῗωᾛιζ
385 975 449 1026 tum
463 966 591 1041 aliquem
605 963 710 1024 inferre
728 983 902 1024 sermonem.
946 966 1028 1024 Bene
1046 964 1182 1035 Pericles,

160 1100 271 1152 pm„
281 1100 350 1142 om„
387 1081 457 1121 cum
476 1060 598 1120 haberet
619 1061 765 1136 collegam
786 1059 818 1119 in
841 1072 978 1137 praetura
1001 1061 1182 1137 Sophoclem

134 1151 347 1244 ffi‡”3,32{{’n⁰,⁵232
385 1157 466 1238 iique
487 1158 525 1218 de
545 1157 698 1218 communi
712 1156 816 1218 ¹officio
832 1156 1040 1217 convenissent
1062 1168 1091 1217 et
1111 1177 1182 1218 casu

135 1261 274 1294 cumam
387 1256 534 1314 formosus
547 1272 620 1330 puer
640 1251 811 1329 praeteriret
825 1251 1005 1329 dixissetque
1019 1253 1182 1330 Sophocles
1195 1271 1224 1307 ro

137 1349 183 1410 ‘O
210 1367 336 1426 puerum
362 1347 527 1424 pulchrum,
557 1344 670 1406 Pericle
684 1347 702 1405 l’
745 1347 797 1405 ‘At
824 1344 904 1406 enim
932 1356 1106 1422 praetorem,
1132 1348 1183 1408 So

135 1444 252 1526 phqcle,
271 1445 359 1527 decet
378 1462 440 1502 non
461 1442 558 1501 solum
578 1461 684 1501 manus
704 1440 864 1502 sedetiam
882 1443 984 1502 oculos
1000 1440 1182 1503 abstinentes

135 1540 262 1602 habere!
303 1543 404 1616 Atque
431 1539 489 1598 hoc
517 1537 597 1598 idem
625 1537 788 1615 Sophocles
816 1537 841 1597 si
866 1536 898 1598 in
921 1539 1097 1598 athletarum
1117 1559 1182 1618 pro

135 1636 255 1697 batione
275 1635 406 1707 dixisset,
421 1635 499 1695 iusta
513 1635 741 1711 reprehensione
762 1635 911 1696 caruisset.
953 1638 1052 1696 Tanta
1072 1634 1117 1696 vis
1137 1646 1182 1697 est

135 1742 166 1793 et
193 1732 252 1793 loci
279 1744 309 1794 et
337 1730 485 1809 temporis.
529 1733 573 1792 Ut
600 1730 625 1791 si
652 1730 711 1807 qui,
740 1750 810 1791 cum
837 1751 956 1792 causam
988 1732 1026 1793 sit
1053 1744 1221 1807 acturus,1⁵

136 1827 167 1888 in
187 1827 291 1890 itinere
315 1827 420 1888 autin
449 1827 650 1888 ambulatione
675 1846 776 1887 secum
803 1827 867 1904 ipse
894 1827 1053 1889 meditetur
1079 1840 1130 1890 aut
1157 1829 1182 1890 si

137 1924 210 2001 quid
230 1924 311 1985 aliud
330 1923 470 1985 attentius
491 1922 608 2000 cogitet,
631 1942 692 1984 non
712 1925 950 2001 reprehendatur,
972 1936 1003 1986 at
1022 1927 1081 1987 hoc
1100 1926 1181 1986 idem

136 2021 217 2082 siin
241 2020 378 2082 convivio
404 2019 499 2093 saciat,
526 2019 705 2080 inhumanus
731 2019 866 2082 videatur
891 2020 1007 2083 inscitia
1030 2022 1180 2099 temporis.

139 2134 204 2195 145.
244 2118 304 2180 Sed
318 2135 444 2194 eaquae
459 2117 585 2176 multum
600 2117 637 2176 ab
656 2116 838 2178 humanitate
852 2117 1028 2196 discrepant,
1044 2130 1077 2179 ut
1091 2119 1115 2180 si
1130 2120 1180 2196 qui

135 2213 165 2273 in
193 2216 259 2275 foro
282 2224 381 2274 cantet
404 2223 456 2272 aut
483 2211 507 2272 si
532 2232 591 2289 qua
614 2224 660 2273 est
683 2213 740 2273 alia
761 2233 869 2290 magna
891 2215 1073 2292 perversitas,
1094 2218 1179 2279 facile
1192 2234 1222 2271 20

135 2321 255 2388 apparet
288 2327 344 2370 nec
380 2328 488 2386 magno
513 2328 602 2386 opere
629 2308 864 2370 admonitionem
891 2323 922 2372 et
947 2324 1104 2390 praecepta
1130 2315 1181 2374 de·

160 2439 347 2482 L„„„„,„„d,d
385 2405 512 2466 siderat:
561 2425 638 2482 quae
660 2417 759 2467 autern
780 2426 870 2483 parva
888 2407 1025 2468 videntur
1044 2428 1109 2469 esse
1131 2412 1180 2471 de·

135 2489 346 2532 ⁵¹⁶³⁰h⁶⁵⁰ffi⁶⁰ffl
385 2501 454 2562 licta
475 2520 572 2577 neque
597 2521 615 2560 a
639 2501 739 2562 multis
763 2501 893 2582 intellegi
917 2518 1049 2581 possunt,
1071 2509 1110 2568 ab
1143 2509 1178 2571 iis

134 2554 181 2582 rum
202 2550 257 2582 most
277 2549 299 2582 to
320 2541 347 2581 be

133 2591 230 2642 burded
257 2591 348 2641 ΨΜ
386 2609 431 2658 est
452 2597 619 2674 diligentius
638 2597 855 2661 declinandum.
899 2603 943 2662 Ut
961 2601 992 2662 in
1005 2603 1113 2665 fidibus
1127 2617 1178 2667 aut

160 2641 186 2681 Ill
244 2641 260 2680 ti
274 2641 348 2681 nfrom

132 2650 347 2743 misniainomffl·
387 2693 474 2767 tibiis,
497 2693 630 2770 quamvis
650 2696 772 2772 paulum
792 2695 969 2774 discrepent,
991 2710 1091 2760 tamen
1111 2700 1144 2762 id
1160 2719 1218 2768 aas

133 2788 246 2850 sciente
270 2788 465 2850 animadverti
486 2791 569 2864 solet,
591 2789 634 2850 sic
658 2790 820 2852 videndum
845 2804 890 2854 est
913 2793 944 2854 in
964 2794 1024 2856 vita
1045 2815 1082 2856 ne
1102 2799 1178 2859 sorte

134 2884 207 2962 quid
228 2884 382 2962 discrepet,
404 2887 450 2946 vel
479 2887 573 2946 multo
594 2887 684 2947 etiam
704 2889 806 2965 magis,
828 2909 890 2966 quo
910 2891 1004 2952 maior
1024 2903 1053 2953 et
1073 2895 1178 2955 melior

58 2994 120 3045 XLI
133 2979 284 3042 actionum
305 3001 395 3059 quam
416 3001 557 3043 sonorum
578 2995 741 3045 concentus
762 2996 814 3046 est.
861 2989 924 3060 146.
956 2990 1070 3066 Itaque,
1092 2991 1177 3052 utin

132 3077 241 3138 fidibus
259 3077 439 3138 musicorum
456 3098 542 3139 aures
559 3081 607 3140 vel
626 3079 747 3140 minima
766 3083 905 3156 sentiunt,
921 3083 963 3145 sic
977 3105 1040 3162 nos,
1057 3088 1081 3148 si
1095 3108 1177 3150 acres

132 3192 169 3233 ac
188 3172 344 3252 diligentes
369 3193 433 3235 esse
457 3176 594 3236 volumus
618 3177 869 3239 animadversores
892 3179 1039 3257 vitiorum,
1067 3203 1176 3262 magna
1189 3206 1220 3255 30

132 3287 222 3346 saepe
248 3269 454 3348 intellegemus
483 3291 518 3332 ex
539 3273 645 3349 parvis.
689 3278 733 3334 Ex
757 3277 910 3336 oculorum
934 3289 1049 3355 optutu,
1075 3298 1177 3356 super·

131 3362 262 3426 ciliorum
280 3377 330 3426 aut
348 3365 519 3427 remissione
533 3380 583 3428 aut
598 3368 807 3447 contractione,
825 3391 862 3431 ex
876 3373 1022 3434 maestitia
1038 3392 1076 3434 ex
1098 3373 1172 3434 hila-

131 3459 216 3520 ritate
233 3480 270 3520 ex
288 3458 355 3536 risu,
374 3479 411 3520 ex
428 3460 577 3523 locutione
596 3481 632 3522 ex
649 3463 810 3539 reticentia,
828 3484 865 3525 ex
883 3466 1076 3529 contentione
1093 3467 1177 3530 vocis

130 3576 168 3616 ex
187 3556 392 3635 submissione,
416 3578 453 3618 ex
473 3558 576 3619 ceteris
597 3558 739 3622 similibus
762 3560 848 3623 facile
872 3561 1077 3639 iudicabimus,
1102 3565 1176 3639 quid

176 3701 204 3750 ¹3
221 3688 285 3738 male
298 3689 367 3754 atqui
378 3689 457 3737 Heine
466 3695 549 3736 contra
560 3688 625 3738 codd.
664 3692 673 3747 Ι]
709 3704 737 3738 ar
752 3691 1169 3755 apparet-desideratHeinecum
1247 3666 1274 3704 Γ·

113 3763 189 3817 cedd,
205 3764 593 3828 woeoapparent-desiderant
632 3768 641 3824 ΙΙ
679 3781 710 3830 30
725 3768 983 3834 animadversoresque
999 3770 1076 3831 codd„
1090 3771 1170 3820 anim·

95 3837 250 3889 adversores
266 3844 306 3892 Or
311 3845 466 3906 ffititeMu,
476 3856 634 3914 spectatores
645 3849 911 3916 animadversoresque
924 3850 1037 3900 Klotalur
