2580 4184
113 183 149 244 11
163 200 207 243 xv
221 180 275 265 53]
510 187 560 245 De
578 185 748 264 benficmtia
1127 202 1165 262 79

111 344 328 440 WQW
365 351 468 429 ligioni
487 363 645 411 nocentem
664 351 833 428 aliquando,
849 353 942 413 modo
960 370 999 412 ne
1018 351 1164 414 nefarium

364 446 557 525 impiumque,
585 447 754 506 defendere.
806 448 879 508 Vult
905 448 966 508 hoc
992 448 1162 522 multitudo,

107 545 222 624 patitur
241 548 438 618 consuetudo,
453 545 509 604 fert
530 542 620 603 etiam
637 543 814 604 humanitas.
858 544 971 606 Iudicis
989 555 1034 606 est
1048 564 1165 622 semper

132 689 327 743 nusaorJuage
364 643 396 702 in
420 640 516 701 causis
537 659 639 701 verum
660 640 753 718 sequi,
776 639 893 718 patroni
915 659 977 701 non
1000 661 1163 719 numquam

109 742 154 782 πᾶ
180 742 324 784 Admau·
364 736 539 810 verisimile,
553 735 643 797 etiam
657 737 682 796 si
696 736 795 796 minus
808 736 846 797 sit
859 756 972 812 verum,
987 739 1161 801 defendere:
1190 777 1204 825 ⁵

110 791 252 900 {sim
264 805 327 882 2⁶⁰⁰:
364 835 447 912 quod
471 832 606 906 scribere,
628 833 800 910 praesertim
822 852 891 892 cum
914 834 952 893 de
973 833 1162 911 philosophia

109 891 326 992 ffigffi
364 931 531 1004 scriberem,
560 950 622 991 non
653 931 803 1001 auderem,
832 929 890 990 nisi
921 930 1002 1004 idem
1032 933 1162 1009 placeret

110 991 290 1044 “mmm‘'
363 1025 535 1105 gravissimo
559 1024 725 1086 Stoicorum
752 1025 903 1085 Panaetio.
948 1027 1089 1086 Maxume
1111 1047 1161 1086 au-

109 1137 172 1185 tem
193 1135 225 1186 et
244 1123 338 1203 gloria
357 1121 467 1201 paritur
487 1132 518 1182 et
538 1120 630 1199 gratia
650 1119 873 1180 defensionibus
901 1139 998 1197 coque
1018 1121 1119 1197 maior,
1135 1121 1160 1182 si

111 1222 235 1298 quando
255 1221 364 1282 accidit
383 1231 417 1281 ut
437 1219 465 1279 ei
485 1217 682 1291 subveniatur,
697 1217 750 1294 qui
768 1216 899 1294 potentis
916 1215 1039 1276 alicuius
1053 1217 1159 1295 opibus
1174 1242 1204 1278 10

111 1317 317 1378 circumveniri
327 1315 503 1393 urguerique
510 1315 652 1388 videatur,
662 1324 694 1372 ut
706 1333 761 1374 nos
770 1326 801 1375 et
815 1332 903 1389 saepe
916 1313 988 1372 alias
1003 1322 1032 1373 et
1045 1315 1160 1375 adules-

111 1426 213 1477 centes
223 1425 328 1476 contra
338 1416 475 1476 L.Sullae
486 1412 665 1474 dominantis
676 1431 748 1490 opes
758 1430 813 1490 pro
823 1413 887 1471 Sex
895 1410 1007 1472 Roscio
1016 1413 1158 1474 Amerino

111 1511 244 1584 fecimus,
259 1529 345 1588 quae,
359 1519 392 1569 ut
406 1508 472 1582 scis,
487 1519 566 1568 extat
580 1506 681 1568 oratio.

42 1618 95 1669 XV
153 1671 159 1681 ,
202 1603 203 1608 ’
424 1622 471 1682 52.
493 1605 553 1665 Sed
561 1603 700 1682 expositis
711 1601 948 1665 adulescentium
959 1603 1070 1679 officiis,
1080 1624 1157 1681 quae

112 1669 324 1781 nlllq‘ss'da‘lil
360 1704 478 1763 valeant
496 1702 536 1761 ad
557 1701 681 1778 gloriam
703 1701 936 1778 adipiscendam,
958 1702 1099 1780 deinceps
1118 1705 1156 1764 de
1171 1723 1198 1772 ¹5

112 1771 236 1822 ΜΝ·
362 1794 603 1859 beneficentia
641 1816 676 1856 ac
697 1799 735 1858 de
755 1797 973 1859 liberalitate
994 1799 1156 1860 dicendum

132 1857 171 1889 cll·
185 1856 304 1889 XV-Xxlv.

139 1912 192 1972 rao
220 1925 280 1961 ways
304 1912 331 1954 or
361 1904 425 1954 est:
452 1892 536 1953 cuius
560 1904 605 1953 est
632 1892 707 1952 ratio
728 1895 844 1970 duplex
888 1896 968 1953 Nam
992 1907 1042 1955 aut
1067 1915 1156 1972 opera

112 1961 326 2071 ‘iiliffdlai‘n’seil
362 1991 491 2069 benigne
514 1993 547 2050 fit
565 1989 765 2067 indigentibus
784 2002 835 2050 aut
853 1991 986 2068 pecunia
1030 1992 1156 2053 Facilior

114 2062 326 2162 {libyflrdnrll
362 2100 407 2150 est
420 2090 495 2149 haec
508 2088 660 2166 posterior,
680 2087 822 2164 locupleti
835 2088 1013 2164 praesertim,
1034 2090 1088 2148 sed
1106 2089 1156 2148 illa

115 2161 267 2263 {lioehffi
287 2163 326 2255 ξιξ,
362 2184 469 2245 lautior
481 2204 517 2243 ac
531 2183 714 2260 splendidior
732 2195 762 2243 et
775 2183 839 2243 viro
854 2183 920 2244 forti
936 2186 1075 2261 claroque
1094 2184 1155 2262 dig·
1168 2208 1199 2243 κο

116 2261 193 2353 ξῗοᾟξ
211 2263 248 2303 ‘¹¹⁸
267 2276 326 2306 ”¹⁰¹⁸
362 2282 435 2342 nior.
479 2283 669 2357 Quamquam
688 2281 819 2341 enimin
837 2292 965 2359 utroque
982 2281 1059 2342 inest
1072 2279 1156 2360 grati-

112 2376 220 2436 ficandi
240 2377 368 2438 liberalis
387 2379 532 2450 voluntas,
555 2387 655 2437 tamen
671 2379 763 2437 altera
782 2397 819 2438 ex
839 2397 915 2450 arca,
936 2380 1027 2440 altera
1046 2400 1083 2441 ex
1101 2379 1155 2440 vir-

112 2485 175 2535 tute
196 2475 386 2551 depromitur,
408 2474 594 2552 largitioque,
616 2493 693 2550 quae
714 2476 746 2535 fit
768 2495 855 2536 exre
876 2476 1018 2551 familiari,
1040 2479 1153 2538 fontem

111 2571 209 2648 ipsum
232 2570 420 2648 benignitatis
448 2571 588 2631 exhaurit.
632 2572 680 2631 Ita
706 2571 886 2649 benignitate
910 2573 1074 2651 benignitas
1101 2577 1155 2635 tol·

109 2667 186 2741 litur,
215 2686 276 2744 qua
302 2685 363 2743 quo
389 2665 421 2725 in
448 2668 547 2744 plures
574 2686 645 2726 usus
673 2665 721 2741 sis,
745 2686 782 2727 eo
804 2666 902 2727 minus
924 2667 955 2727 in
977 2671 1086 2730 multos
1109 2670 1196 2738 uti25

109 2762 212 2840 possis.
257 2779 303 2838 53.
345 2764 386 2821 At
406 2761 459 2838 qui
479 2781 577 2838 opera,
599 2761 632 2840 id
652 2772 697 2822 est
717 2761 823 2822 virtute
844 2773 874 2822 et
894 2762 1045 2837 industria,
1065 2767 1154 2826 bene·

108 2857 211 2918 ficiet
238 2857 371 2917 liberales
392 2869 486 2932 erunt,
511 2857 641 2934 primum
668 2877 730 2934 quo
757 2858 889 2936 pluribus
916 2861 1085 2937 profuerint,
1114 2881 1152 2923 co

108 2954 207 3031 plures
230 2952 270 3012 ad
291 2952 418 3029 benigne
442 2953 612 3013 faciendum
635 2954 784 3015 adiutores
807 2956 975 3028 habebunt,
990 2957 1059 3017 dein
1083 2977 1152 3018 con-

108 3047 266 3109 suetudine
285 3048 496 3109 beneficentiae
514 3049 673 3127 paratiores
693 3061 779 3111 erunt
792 3061 822 3111 et
843 3061 995 3128 tamquam
1015 3053 1152 3114 exercita—

109 3174 204 3216 mur,
217 3187 321 3235 ΝΜ,
357 3143 446 3204 tiores
464 3146 504 3204 ad
516 3146 594 3206 bene
613 3146 652 3205 de
669 3144 769 3204 multis
785 3147 1023 3223 promerendum.
1066 3151 1151 3209 Prae·
1164 3173 1198 3220 30,

108 3225 321 3316 fffflssfssfflss
357 3242 435 3300 clarc
459 3239 490 3299 in
517 3240 644 3318 epistula
670 3242 801 3317 quadam
828 3243 1030 3303 Alexandrum
1056 3243 1150 3303 filium

107 3336 204 3376 W
358 3335 512 3414 Philippus
531 3347 659 3410 accusat,
685 3338 769 3415 quod
792 3337 946 3415 largitione
972 3341 1150 3400 benevolen-

105 3429 177 3490 tiam
191 3433 392 3493 Macedonum
405 3446 606 3498 consectetur:
624 3440 727 3514 ‘Quae
738 3449 775 3511 te,
787 3443 900 3500 malum
912 3444 930 3500 !’
945 3439 1041 3518 inquit
1056 3439 1149 3499 ‘ratio

104 3527 137 3588 in
149 3528 235 3590 istam
248 3550 332 3609 spem
346 3531 469 3606 induxit,
484 3545 516 3594 ut
531 3554 582 3595 eos
595 3535 649 3596 tibi
668 3537 770 3597 fideles
784 3552 901 3614 putares
916 3540 987 3610 fore,
1009 3557 1085 3615 quos
1098 3555 1149 3615 pe·

106 3626 194 3688 cunia
206 3628 404 3707 corrupisses?
443 3633 492 3690 An
505 3642 538 3692 tu
550 3630 583 3693 id
596 3633 667 3710 agis,
682 3645 715 3694 ut
730 3635 913 3696 Macedones
927 3655 989 3696 non
1003 3647 1033 3696 te
1047 3655 1146 3714 regem
1163 3649 1193 3700 35

187 3847 218 3882 η
233 3841 336 3900 utraque
344 3839 444 3890 Hem.
457 3840 602 3896 ramanus
611 3842 682 3900 Ba¹s
697 3852 808 3918 utroque
819 3852 873 3901 cert.
885 3845 954 3900 codd.
967 3848 1017 3902 Ma
1030 3843 1080 3899 Bd
