2580 4184
137 180 175 252 64
434 228 436 232 .
483 133 486 139 ι
554 179 639 239 'De
657 178 725 239 utili
1030 175 1185 259 [1111110

134 347 256 424 quidem
268 347 324 410 tibi
337 345 426 425 cupio
439 365 505 408 esse
518 344 711 407 notissimam.
756 347 827 406 Hoc
840 356 949 416 autem,
961 347 1001 407 de
1022 365 1085 422 quo
1104 364 1188 406 nunc

133 443 253 522 agimus,
262 444 293 505 id
305 444 404 522 ipsum
418 444 556 520 estquod
569 442 657 504 utile
670 443 842 520 appellatur.
880 444 917 502 In
928 461 989 518 quo
998 443 1090 504 verbo
1102 443 1188 521 lapsa

134 542 320 601 consuetudo
339 539 458 601 deflexit
475 540 514 601 de
527 539 575 600 via
588 538 758 616 sensimque
772 558 809 599 eo
823 539 953 598 deducta
966 549 1019 611 est,
1034 550 1068 599 ut
1080 540 1189 600 hones-

133 646 226 696 tatem
240 637 278 696 ab
292 635 417 696 utilitate
434 655 589 696 secernens
606 635 798 696 constitueret
811 654 876 696 esse
890 635 1049 695 honestum
1062 634 1186 712 aliquid,

135 734 218 809 quod
237 732 309 792 utile
327 751 389 792 non
409 742 496 805 esset,
512 741 543 791 et
562 731 643 805 utile,
658 732 742 808 quod
759 750 821 792 non
835 732 1013 805 honestum3
1032 749 1092 808 qua
1105 733 1188 792 nulla
1216 751 1232 802 5

134 828 279 906 pernicies
306 827 400 889 maior
426 827 582 888 hominum
609 826 687 888 vitae
714 826 810 904 potuit
836 825 939 888 afferri.
989 847 1033 886 10.
1064 829 1188 889 Summa

134 924 257 1002 quidem
277 923 450 985 auctoritate
471 912 641 1002 philosophi
659 935 760 984 severe
779 942 850 983 sane
866 934 956 1000 atque
972 923 1097 986 honeste
1110 925 1188 986 haec

134 1021 197 1081 tria
211 1037 319 1100 genere
341 1023 466 1082 confusa
488 1019 667 1098 cogitatione
691 1019 882 1098 distinguunt
912 1012 1080 1098 [Quidquid
1104 1021 1186 1082 enim

384 1117 495 1178 iustum
509 1117 555 1191 sit,
571 1116 602 1178 id
623 1116 713 1177 etiam
732 1115 804 1177 utile
822 1136 887 1178 esse
905 1129 1037 1190 censent,
1052 1116 1185 1194 itemque

133 1189 345 1294 miffii'uffii
384 1214 466 1291 quod
486 1215 655 1287 honestum,
669 1211 750 1273 idem
771 1211 900 1272 iustum:
924 1231 961 1272 ex
979 1231 1041 1289 quo
1060 1211 1185 1273 efficitur
1200 1235 1232 1270 10

132 1294 345 1395 ζῇοζῗξξίζξιᾎῗξῑζξζ
382 1320 424 1383 ut,
435 1308 583 1387 quidquid
596 1310 755 1370 honestum
770 1307 815 1382 sit,
830 1307 911 1369 idem
926 1308 963 1369 sit
976 1301 1069 1386 utile].
1093 1311 1185 1386 Quod

132 1394 346 1496 {ffihflssossgffissl
382 1406 435 1484 qui
454 1426 559 1484 parum
579 1405 769 1484 perspiciunt,
787 1405 807 1465 ii
828 1425 917 1482 saepe
936 1418 1070 1467 versutos
1090 1407 1184 1469 homi·

132 1495 345 1607 ᾒζῑῇῃῇᾒζζοῗζζῇἀ
383 1522 436 1564 nes
456 1513 486 1564 et
505 1502 628 1564 callidos
646 1503 826 1564 admirantes
845 1502 988 1563 malitiam
1007 1502 1183 1581 sapientiam

132 1595 179 1686 {52¹1}
190 1596 346 1688 ²²32?ssssth
383 1598 523 1661 iudicant.
566 1603 702 1677 Quorum
722 1621 802 1662 error
819 1600 988 1678 eripiendus
1007 1612 1052 1662 est
1070 1600 1182 1678 opinio

132 1696 267 1788 gpupgglsdfflg
279 1710 346 1789 ἓξὲξ
383 1718 442 1776 que
457 1699 553 1760 omnis
567 1700 607 1759 ad
620 1719 687 1760 eam
701 1719 784 1777 spem
798 1701 989 1774 traducenda,
1004 1711 1036 1760 ut
1049 1698 1180 1760 honestis
1195 1717 1224 1767 15

132 1797 346 1899 mmmm·
384 1793 514 1854 consiliis
537 1793 679 1871 iustisque
701 1795 793 1868 factis,
815 1815 877 1856 non
897 1796 1000 1856 fraude
1020 1806 1051 1857 et
1071 1795 1183 1856 malitia

384 1910 416 1952 se
429 1889 600 1968 intellegant
613 1911 738 1968 eaquae
752 1891 848 1965 velint,
856 1891 998 1969 consequi
1012 1912 1108 1970 posse.

132 2001 346 2094 ofpheetpffispfiffi
446 2007 491 2048 11.
535 1989 621 2062 Quae
644 2007 714 2066 ergo
738 1990 778 2049 ad
801 1988 892 2048 vitam
918 1989 1074 2050 hominum
1098 2000 1180 2050 tuen·

132 2116 170 2144 are
182 2067 290 2194 protasia
303 2105 346 2146 ana
383 2086 454 2146 dam
473 2085 630 2163 pertinent,
644 2086 751 2164 partim
771 2097 840 2147 sunt
860 2086 998 2160 inanima,
1014 2099 1046 2148 ut
1066 2107 1177 2161 aurum,

132 2153 260 2246 hiieiierw
277 2168 344 2246 dall!
383 2194 544 2261 argentum,
559 2194 592 2243 ut
612 2203 741 2261 eaquae
761 2183 919 2262 gignuntur
939 2203 957 2246 e
977 2195 1061 2259 terra,
1076 2197 1109 2244 ut
1122 2184 1179 2244 alia
1192 2203 1222 2238 20

131 2264 349 2350 ῗέῗᾝῖςξωῖῗῖξὲ
382 2279 497 2358 generis
517 2280 659 2355 eiusdem,
681 2280 788 2358 partim
808 2280 954 2355 animalia,
972 2300 1048 2358 quae
1068 2282 1179 2343 habent

130 2355 342 2447 ἷξξκέζῖῑῖζξῗῖξίῑ
381 2395 449 2436 suos
471 2375 599 2454 impetus
623 2390 653 2437 et
676 2397 773 2438 rerum
796 2378 951 2455 appetitus.
995 2380 1107 2439 Eorum
1129 2399 1180 2441 au·

131 2455 346 2547 ffffiiffiifflsitsssf
381 2483 442 2533 tem
471 2474 529 2533 alia
557 2473 678 2535 rationis
710 2475 841 2553 expertia
872 2487 950 2548 sunt,
978 2476 1036 2537 alia
1064 2477 1178 2538 ratione

131 2557 345 2648 Εζῗῇζζῗζξξῖζζ
381 2568 500 2629 utentia
544 2572 686 2647 Expertes
705 2569 825 2630 rationis
839 2571 918 2648 equi,
931 2574 1032 2646 boves,
1047 2572 1177 2649 reliquae

130 2657 344 2748 {ffisefflwjgg
380 2668 520 2744 pecudes,
540 2665 636 2749 [apes]
667 2687 791 2745 quarum
812 2687 901 2745 opere
921 2669 1044 2730 efficitur
1064 2670 1177 2748 aliquid
1191 2681 1219 2731 ²⁵

131 2757 293 2798 manum
380 2763 420 2822 ad
434 2781 519 2822 usum
533 2761 688 2823 hominum
702 2773 791 2839 atque
801 2762 900 2824 vitam.
936 2764 1066 2825 Ratione
1075 2778 1176 2826 autem

379 2856 526 2918 utentium
553 2858 614 2917 duo
640 2877 748 2934 genera
773 2870 898 2935 ponunt,
922 2860 1046 2920 deorum
1073 2880 1175 2935 unum,

130 2957 253 3015 altemm
273 2953 436 3016 hominum
484 2956 567 3014 Deos
588 2955 720 3032 placatos
739 2956 834 3032 pietas
852 2957 959 3019 efficiet
977 2969 1007 3019 et
1021 2959 1173 3021 sanctitas:

129 3052 262 3130 proxime
279 3062 379 3112 autem
396 3062 426 3112 et
439 3052 604 3111 secundum
618 3052 691 3112 deos
705 3051 841 3114 homines
855 3053 1025 3114 hominibus
1038 3075 1176 3118 maxume

128 3149 215 3209 utiles
242 3167 307 3210 esse
333 3158 464 3224 possunt.
510 3167 554 3207 12.
598 3149 768 3224 Earumque
795 3148 866 3209 item
893 3169 999 3224 rerum,
1022 3171 1098 3228 quae
1123 3170 1174 3214 no·
1187 3167 1218 3215 30

128 3257 215 3306 ceant
235 3255 265 3305 et
286 3243 393 3316 obsint,
408 3244 514 3304 eadem
533 3242 639 3304 divisio
653 3254 706 3304 est.
748 3245 808 3304 Sed
821 3244 892 3320 quia
904 3246 977 3306 deos
991 3267 1098 3308 nocere
1112 3268 1174 3309 non

153 3365 206 3405 nan
219 3364 285 3415 living
296 3362 340 3404 tna
377 3349 490 3416 putant,
512 3339 547 3400 iis
567 3339 697 3416 exceptis
717 3340 854 3401 homines
878 3342 1047 3404 hominibus
1068 3347 1174 3408 obesse

127 3415 340 3517 ξῗζξὲξίᾞῗζῗξῃξ
376 3436 536 3513 plurimum
569 3436 752 3496 arbitrantur.
803 3439 848 3497 Ea
880 3437 961 3497 enim
995 3439 1067 3517 ipsa,
1096 3461 1173 3520 quae

176 3593 284 3643 averbo
301 3592 398 3642 seclusit
415 3593 457 3642 Ba
475 3607 531 3641 cum
550 3592 617 3652 alin,
636 3593 746 3657 defendit
762 3595 799 3645 Or
848 3598 859 3656 ΙΙ
911 3598 927 3648 8
943 3615 1032 3664 genere
1049 3617 1106 3651 mm
1123 3618 1174 3653 uno

126 3676 176 3725 cod.
193 3675 271 3724 Bern.
298 3687 312 3724 o
332 3674 374 3723 Ba
390 3676 458 3726 Mad.
468 3675 531 3722 Mox
552 3674 673 3738 quidquid
693 3674 859 3726 enim-idem
876 3677 908 3729 sit
926 3681 986 3730 utile
1003 3682 1176 3746 interpolatori

124 3747 203 3796 deteri
218 3754 312 3797 censent
330 3748 426 3797 Miiller
442 3748 523 3798 Heine
555 3752 565 3808 ΙΙ
598 3765 629 3813 ²5
646 3767 706 3816 apes
725 3752 777 3802 iam
796 3755 930 3805 Facciolato
946 3765 1081 3819 susspectum
1099 3760 1171 3808 seclu-

110 3831 255 3876 smmtssa
262 3831 348 3882 hum
355 3833 409 3883 Mu
430 3835 443 3892 l}
474 3845 551 3899 opera
562 3833 604 3884 Ba
615 3835 707 3898 Heine,
720 3851 797 3903 opere
808 3839 844 3889 Be
856 3837 896 3888 Lu
908 3839 955 3887 Mu
965 3839 1037 3901 uulgo
