2580 4184
142 177 186 258 '84
524 185 575 243 De
592 202 625 243 ea
644 184 815 260 beneficentia
998 177 1045 260 [ΙΙ
1060 197 1141 241 xvrrr
1154 183 1194 256 ⁶4

171 362 311 435 Memfim
329 393 357 435 be
395 346 544 408 levitatem
554 349 707 424 voluptate
717 346 802 425 quasi
812 346 1001 408 titillantium
1045 347 1093 421 64.
1115 348 1194 409 Con·

144 443 359 544 ffgsegegeigreageig
396 442 495 503 veniet
522 454 621 504 autem
641 463 710 504 cum
734 444 765 504 in
787 445 888 505 dando
914 443 1089 504 munificum
1118 463 1192 518 esse,

145 543 355 635 ‘htfilfflffg
393 549 457 600 turn
480 539 512 599 in
531 540 678 617 exigendo
702 560 764 601 non
788 542 929 602 acerbum
949 540 981 601 in
1001 540 1144 618 omnique
1161 560 1195 628 re

143 651 261 736 mute
283 657 308 686 as
328 645 356 687 he
394 638 606 711 contrahenda,
633 638 797 698 vendundo
825 640 963 711 emend0‚
992 639 1192 699 conducendo

171 706 186 744 ⁸
392 734 530 807 locando,
549 732 750 796 vicinitatibus
772 745 802 795 et
821 734 957 795 confiniis
974 754 1104 812 aequum
1125 733 1192 795 faci·
1221 763 1236 809 5

144 827 212 901 lem,
228 828 322 887 multa
340 828 440 889 multis
459 831 498 890 de
517 849 572 890 suo
588 831 651 890 iure
669 832 836 904 cedentem,
855 850 874 891 a
890 830 990 892 litibus
1006 850 1086 905 vero,
1102 851 1193 908 quan·

146 932 210 983 tum
234 920 322 981 liceat
346 931 376 981 et
403 921 505 982 nescio
526 942 566 981 an
588 925 688 1000 paullo
712 925 778 1000 plus
801 923 891 983 etiam
915 943 1005 1000 quam
1024 923 1121 997 liceat,
1144 924 1192 984 ab

143 1019 319 1079 horrentem.
363 1021 417 1079 Est
437 1019 518 1080 enim
539 1041 600 1081 non
622 1023 715 1082 modo
735 1022 856 1082 liberale
876 1022 1008 1099 paullum
1029 1041 1091 1081 non
1109 1040 1193 1080 num-

143 1136 234 1194 quam
255 1117 293 1176 de
314 1135 369 1176 suo
389 1115 452 1178 iure
473 1117 627 1192 decedere,
643 1120 697 1179 sed
717 1117 867 1178 interdum
888 1117 978 1179 etiam
998 1119 1189 1179 fructuosum

145 1214 418 1295 Habendaautem
439 1215 514 1275 ratio
538 1226 584 1276 est
604 1214 647 1276 rei
670 1214 827 1287 familiaris,
847 1234 937 1292 quam
960 1213 1081 1292 quidem
1100 1213 1191 1275 dilabi
1206 1243 1236 1280 ιο

145 1310 241 1370 sinere
264 1310 441 1387 flagitiosum
460 1323 514 1386 est,
537 1314 591 1373 sed
618 1312 667 1387 ita,
693 1323 726 1373 ut
753 1310 965 1373 inliberalitatis
992 1310 1190 1388 auaritiaeque

143 1407 220 1467 absit
240 1407 379 1484 suspicio.
416 1410 509 1470 Posse
531 1409 611 1470 enim
630 1409 804 1470 liberalitate
822 1408 866 1468 uti
883 1428 945 1469 non
962 1407 1140 1485 spoliantem
1158 1427 1190 1488 se

143 1503 320 1580 patrimonio
346 1503 486 1565 nimimm
514 1518 558 1567 est
585 1507 730 1584 pecuniae
756 1508 868 1567 fructus
890 1504 1043 1565 maximus.
1094 1507 1189 1565 Recte

143 1602 232 1663 etiam
245 1621 265 1662 a
277 1603 483 1679 Theophrasto
498 1617 542 1666 est
550 1606 670 1666 laudata
685 1603 878 1682 hospitalitas.
905 1606 960 1664 Est
974 1603 1062 1677 enim,
1075 1613 1110 1662 ut
1117 1602 1189 1663 mihi

161 1713 366 1774 srhqdutyoffloa
391 1702 513 1776 quidem
534 1701 658 1772 videtur,
683 1703 770 1762 valde
793 1703 935 1762 decorum
959 1711 1060 1778 patere
1082 1702 1188 1761 domus
1202 1726 1229 1776 15

141 1765 365 1867 {riiihiionim
389 1798 545 1858 hominum
555 1797 722 1858 inlustrium
732 1797 899 1875 hospitibus
912 1797 1084 1859 inlustribus
1097 1796 1188 1874 idque

142 1899 231 1959 etiam
245 1898 287 1959 rei
300 1897 437 1976 publicae
451 1907 496 1956 est
510 1906 693 1969 ornamento,
703 1895 839 1957 homines
854 1907 989 1956 extentos
998 1894 1188 1957 hocliberali-

141 1995 208 2056 tatis
221 2014 329 2071 genere
342 1993 374 2052 in
391 1995 463 2053 urbe
478 2003 578 2052 nostra
590 2012 652 2052 non
667 2012 760 2070 egere.
812 1994 866 2052 Est
883 2003 983 2052 autem
998 1991 1088 2052 etiam
1101 1991 1188 2052 vehe-

140 2101 255 2151 menter
268 2089 340 2149 utile
354 2089 398 2163 iis,
414 2088 465 2166 qui
479 2090 604 2149 honeste
617 2108 704 2166 posse
719 2090 847 2148 multum
860 2088 974 2160 volunt,
989 2105 1042 2163 per
1055 2084 1186 2163 hospites

140 2189 221 2265 apud
235 2197 371 2247 externos
389 2187 517 2263 populos
537 2187 633 2246 valere
652 2185 758 2263 opibus
776 2195 806 2246 et
822 2184 921 2262 gratia.
963 2183 1186 2261 Theophrastus
1199 2201 1230 2237 20

139 2283 262 2360 quidem
271 2282 378 2355 scribit,
391 2281 550 2342 Cimonem
559 2281 684 2341 Athenis
696 2280 785 2340 etiarn
796 2279 826 2339 in
838 2300 907 2340 suos
916 2278 1032 2340 curialis
1043 2279 1186 2341 Laciadas

139 2380 315 2458 hospitalem
334 2377 449 2438 fuisse:
483 2377 524 2437 ita
540 2377 620 2437 enim
642 2377 802 2437 instituisse
823 2388 853 2438 et
874 2377 968 2438 vilicis
986 2377 1183 2455 imperavisse,

139 2488 173 2537 ut
194 2475 295 2537 omnia
317 2475 526 2552 praeberentur
550 2474 730 2552 quicumque
752 2474 897 2536 Laciades
918 2474 950 2536 in
973 2475 1073 2536 villam
1101 2495 1185 2538 suam

139 2571 319 2632 devertisset

57 2703 125 2754 XIX
153 2724 349 2775 (B)0fthesecond
448 2668 466 2724 6
470 2682 494 2743 5.
532 2667 617 2741 Quae
626 2676 726 2727 autern
740 2687 839 2745 opera,
851 2687 914 2728 non
926 2668 1082 2747 largitione
1095 2670 1185 2734 bene·
1197 2685 1228 2734 2⁵

138 2775 190 2817 und
207 2776 230 2816 or
246 2775 349 2815 nentri·
386 2762 454 2823 ficia
468 2765 583 2837 dantur,
597 2765 673 2824 haec
692 2774 757 2823 turn
777 2765 808 2824 in
826 2765 992 2827 universam
1010 2788 1073 2828 rem
1089 2769 1185 2846 publi·

138 2825 350 2874 cence,whichcon·

137 2875 349 2976 ἓξοξὲιιᾷιῇἱῗοῑῖξ
387 2879 453 2919 cam
467 2870 531 2919 tum
545 2859 576 2920 in
589 2860 719 2937 singulos
733 2861 812 2921 cives
823 2864 1020 2925 conseruntur.
1064 2866 1144 2925 Nam
1152 2865 1184 2926 in

137 2976 214 3022 others,
224 2975 318 3016 whether
386 2975 448 3034 rure
469 2976 572 3016 cavere
589 2955 725 3038 [consilio
742 2956 947 3039 iuvare]atque
968 2960 1027 3020 hoc
1042 2960 1184 3022 scientiae

148 3039 350 3146 (fifllffl-iffss'
386 3070 494 3128 genere
514 3051 654 3128 prodesse
677 3071 767 3128 quam
788 3053 922 3130 plurimis
942 3057 1134 3117 vehementer
1153 3068 1183 3117 et

136 3154 348 3248 oftggvgfoivgegge
385 3148 425 3206 ad
443 3166 516 3224 opes
532 3150 683 3225 augendas
704 3150 830 3226 pertinet
847 3161 877 3211 et
897 3152 935 3211 ad
949 3152 1081 3229 gratiam.
1124 3157 1182 3214 Ita·
1196 3169 1228 3216 30

135 3269 183 3296 now
200 3255 257 3296 atas·
274 3263 311 3295 out
324 3254 349 3295 os
384 3261 442 3319 que
466 3262 535 3302 cum
557 3245 651 3304 multa
673 3248 823 3323 praeclara
846 3247 992 3308 maiomm
1014 3260 1079 3310 tum
1100 3253 1182 3328 quod

135 3304 287 3346 use-enabled
299 3318 347 3346 men

135 3356 234 3415 formerly
248 3363 271 3414 tq
285 3355 346 3428 ass-ist
384 3338 496 3416 optime
523 3341 675 3402 constituti
702 3342 771 3403 iuris
799 3343 892 3405 civilis
920 3365 1037 3406 summo
1066 3366 1183 3426 semper

135 3405 346 3456 ‘'mmm‘hssway'
383 3432 415 3494 in
441 3436 554 3496 honore
588 3438 643 3498 suit
676 3439 807 3516 cognitio
841 3452 931 3519 atque
965 3442 1181 3522 interpretatio;

134 3554 224 3611 quam
246 3534 366 3613 quidem
391 3544 459 3594 ante
481 3535 559 3593 hanc
586 3535 792 3597 confusionem
814 3549 982 3617 tempomm
1010 3539 1041 3600 in
1068 3559 1182 3618 posses

134 3632 218 3693 sione
238 3651 292 3693 sua
311 3630 459 3709 principes
478 3631 671 3706 retinuerunt,
693 3652 781 3710 nunc,
804 3645 838 3696 ut
861 3636 999 3710 honoreS,
1021 3645 1054 3696 ut
1075 3655 1179 3698 omnes
1192 3652 1224 3703 st

173 3791 208 3824 10
222 3776 309 3826 delabi
321 3778 367 3827 Ba
406 3778 421 3836 11
462 3789 493 3827 ar
510 3776 618 3829 Athenis
633 3777 729 3829 seclusit
744 3779 825 3830 Heine
877 3783 889 3839 ll
938 3793 966 3830 ar
985 3778 1107 3830 Laciadas
1122 3778 1177 3830 recl.

102 3851 216 3910 ΒΜΔ
229 3859 398 3910 vandes
429 3862 445 3921 l!
482 3862 515 3914 28
530 3862 606 3914 verba
618 3862 728 3918 consilio
738 3863 826 3916 iuvare
833 3861 1050 3932 proglossolmbtt
1067 3860 1158 3909 mutter
