2580 4184
135 186 175 247 9⁹
509 167 559 226 De
576 183 611 226 ea
629 164 802 243 berufitentia
985 161 1032 246 [ΙΙ
1047 183 1130 226 xxm
1146 168 1184 228 80

134 347 235 414 erepta
262 345 376 402 estest
403 332 561 393 inimicust
595 331 645 391 cui
672 332 743 392 data
769 341 823 405 est,
847 329 938 391 etiam
959 329 1125 392 dissimulat
1152 351 1185 393 se

134 433 268 510 accipere
281 430 410 493 voluisse
425 442 455 491 et
469 429 598 490 maxime
612 429 644 489 in
657 426 791 506 pecuniis
810 427 929 489 creditis
949 431 1078 490 occultat
1097 450 1184 491 suurn

135 528 286 608 gaudium,
314 545 353 587 ne
379 525 516 586 videatur
542 545 604 587 non
631 524 721 586 fuisse
749 526 901 586 solvendo.
958 527 1000 586 At
1026 545 1097 586 vero
1125 526 1183 599 ille,

135 623 188 701 qui
214 623 329 701 accepit
356 621 502 697 iniuriam,
531 633 561 683 et
588 620 725 683 meminit
752 632 783 683 et
809 641 880 700 prae
907 641 940 682 se
967 622 1022 682 fert
1049 623 1185 684 dolorem

136 741 232 794 suum,
247 739 313 794 nec,
328 719 353 780 si
373 721 471 796 plures
492 730 561 781 sunt
581 719 610 796 ii,
623 719 731 796 quibus
752 718 886 796 improbe
907 719 1011 779 datum
1029 729 1081 792 est,
1095 738 1185 797 quam
1215 738 1229 787 s

136 818 186 887 illi,
203 817 312 895 quibus
332 816 441 880 iniuste
465 819 640 895 ademptum
663 829 718 892 est,
742 816 854 878 idcirco
876 819 943 895 plus
964 817 1055 878 etiam
1076 818 1183 878 valent

138 918 209 976 Non
240 914 321 976 enirn
348 934 473 976 numero
500 917 575 977 haec
607 914 781 988 iudicantur,
801 917 855 976 sed
883 916 1023 993 pondere
1086 917 1185 991 Quam

137 1024 237 1073 autern
260 1013 351 1072 habet
374 1013 565 1090 aequitatem,
591 1024 624 1073 ut
648 1033 750 1091 agrum
777 1012 878 1073 multis
905 1013 990 1073 annis
1017 1025 1068 1073 aut
1095 1013 1186 1074 etiarn

137 1108 261 1171 saeculis
280 1119 350 1170 ante
368 1128 539 1186 possessum
558 1109 611 1187 qui
630 1110 745 1170 nullum
763 1109 868 1169 habuit
887 1108 1003 1183 habeat,
1019 1109 1071 1186 qui
1085 1121 1185 1170 autern

21 1212 122 1272 'xxm
387 1207 490 1268 habuit
512 1206 647 1267 amittat?
701 1207 749 1266 80.
777 1207 824 1265 Ac
844 1216 963 1283 propter
983 1207 1042 1266 hoc
1062 1205 1189 1272 iniuriae,
1200 1233 1229 1270 10

138 1282 351 1386 ,ssssffi‘ffssfi'ffi
388 1324 481 1384 genus
509 1301 740 1364 Lacedaemonii
767 1303 954 1381 Lysandrum
975 1303 1119 1380 ephorum
1139 1321 1187 1363 ex-

137 1386 217 1428 ‘ffm'
387 1404 532 1480 pulerunt,
554 1400 644 1479 Agim
670 1419 779 1478 regem,
804 1401 887 1477 quod
911 1419 1075 1477 numquam
1099 1412 1187 1460 antea

138 1504 218 1582 apud
231 1522 284 1564 eos
302 1500 457 1574 acciderat,
472 1508 660 1572 necaverunt,
675 1517 772 1576 exque
794 1517 832 1559 eo
853 1509 986 1576 tempore
1008 1508 1108 1559 tantae
1129 1498 1187 1559 dis·

139 1601 258 1663 cordiae
282 1610 402 1661 secutae
426 1608 504 1671 sunt,
529 1606 563 1657 ut
586 1606 617 1657 et
640 1597 757 1674 tyranni
781 1596 939 1658 existerent
962 1609 993 1658 et
1017 1608 1185 1675 optumates

140 1696 403 1758 exterminarentur
424 1703 454 1753 et
474 1690 706 1771 praeclarissime
728 1691 890 1753 constituta
909 1710 956 1753 res
977 1691 1095 1769 publica
1115 1691 1228 1760 dila-15

138 1789 273 1862 beretur;
309 1806 367 1846 nec
393 1806 463 1846 vero
490 1788 587 1846 solum
614 1784 680 1862 ipsa
705 1783 814 1844 cecidit
840 1786 894 1845 sed
921 1783 1011 1845 etiarn
1037 1784 1182 1860 reliquam

139 1884 295 1946 Graeciam
318 1883 422 1943 evertit
447 1882 675 1960 contagionibus
703 1883 857 1954 malorum,
885 1901 962 1958 quae
987 1901 1008 1941 a
1034 1882 1182 1942 Lacedae·

140 1980 248 2041 moniis
268 1981 418 2058 profectae
439 1986 597 2036 manarunt
617 1973 712 2037 latius.
755 1976 861 2053 Quid?
890 1987 1006 2038 nostros
1028 1976 1186 2047 Gracchos,

141 2077 187 2138 Ti.
214 2076 343 2138 Gracchi
365 2075 475 2136 summi
493 2074 547 2138 viri
570 2074 655 2150 filios,
674 2073 806 2135 Africani
827 2085 959 2152 nepotes,
985 2092 1086 2133 nonne
1109 2090 1189 2149 agra-

390 2174 451 2236 riae
472 2171 679 2234 contentiones
706 2171 920 2250 perdiderunt?
961 2174 1009 2231 81.
1050 2173 1092 2231 At
1118 2191 1188 2232 vero
1201 2191 1232 2227 ιο

140 2250 353 2353 οτέῗκῗῗξζῖἶᾶῗὴῗ
391 2276 499 2333 Aratus
521 2271 675 2350 Sicyonius
696 2269 758 2332 iure
786 2271 929 2344 laudatur,
951 2268 1012 2347 qui,
1034 2289 1104 2328 cum
1124 2269 1188 2330 eius

139 2352 356 2443 ξὲἷζζᾜξςωὶὲῃξξῗ
392 2369 495 2430 civitas
530 2367 745 2447 quinquaginta
779 2386 873 2427 annos
902 2387 922 2427 a
950 2366 1080 2445 tyrannis
1109 2378 1188 2429 tene-

140 2453 357 2544 fflsssfflffiffiffi
392 2479 480 2541 retur,
508 2469 658 2545 profectus
691 2465 777 2544 Argis
811 2465 968 2544 Sicyonem
1002 2465 1188 2526 clandestino

139 2553 352 2645 {Jffieffmffiffl‘
391 2563 514 2623 introitu
541 2564 615 2624 urbe
642 2573 687 2624 est
720 2561 840 2640 potitus,
869 2582 998 2639 cumque
1032 2574 1189 2642 tyrannum

390 2658 548 2720 Nicoclem
589 2657 749 2736 improviso
790 2658 991 2735 oppressisset,
1037 2672 1187 2722 sescentos
1201 2685 1231 2736 ²5

141 2761 264 2833 exsules,
301 2756 352 2836 qui
387 2755 611 2834 locupletissimi
645 2757 760 2816 fuerant
793 2753 857 2816 eius
890 2755 1024 2831 civitatis,
1059 2758 1188 2819 restituit

140 2873 262 2931 remque
284 2852 435 2932 publicam
457 2853 588 2913 adventu
611 2870 667 2913 suo
688 2851 829 2914 liberavit.
872 2854 931 2914 Sed
954 2873 1024 2913 curn
1048 2874 1188 2932 magnam

140 2953 386 3012 animadverteret
406 2950 437 3010 in
458 2950 545 3010 bonis
565 2961 596 3011 et
615 2949 851 3028 possessionibus
872 2951 1083 3026 difficultatem,
1105 2955 1188 3030 quod

140 3061 170 3110 et
203 3068 264 3122 eos,
297 3068 372 3126 quos
405 3046 468 3126 ipse
499 3047 673 3123 restituerat,
701 3067 827 3125 quorum
854 3048 935 3109 bona
961 3049 1011 3108 alii
1037 3052 1190 3128 posseder-

143 3158 204 3220 ant,
232 3166 318 3224 egere
346 3145 564 3223 iniquissimum
600 3165 665 3207 esse
692 3145 886 3206 arbitrabatur
914 3158 944 3207 et
972 3146 1186 3227 quinquaginta
1201 3175 1233 3223 30

139 3264 286 3305 annorum
316 3244 519 3323 possessiones
552 3245 665 3305 moveri
696 3265 758 3304 non
792 3242 880 3305 nimis
908 3265 1037 3323 aequum
1064 3250 1187 3327 putabat

139 3354 295 3420 propterea
315 3343 398 3419 quod
418 3353 480 3402 tarn
501 3343 592 3420 longo
613 3341 708 3419 spatio
732 3343 826 3402 multa
852 3343 1073 3417 hereditatibus,
1095 3349 1188 3406 multa

140 3440 347 3519 emptionibus,
371 3442 465 3500 multa
487 3440 608 3501 dotibus
630 3440 807 3500 tenebantur
828 3440 892 3502 sine
913 3441 1026 3515 iniuria,
1047 3442 1187 3505 iudicavit

140 3555 237 3613 neque
259 3535 315 3596 illis
342 3535 435 3595 adimi
458 3555 514 3597 nec
536 3535 571 3596 iis
593 3555 656 3598 non
680 3536 750 3596 satis
771 3536 833 3597 fieri
857 3556 985 3614 quorum
1004 3539 1054 3598 illa
1072 3540 1188 3601 fuerant

140 3644 282 3708 oportere.
326 3632 374 3693 82.
418 3633 497 3695 Cum
518 3631 606 3712 igitur
625 3633 775 3695 statuisset
795 3653 870 3712 opus
891 3654 955 3698 esse
975 3636 1015 3696 ad
1035 3654 1102 3696 eam
1122 3657 1186 3698 rem
1200 3657 1232 3710 3⁵

183 3762 309 3828 ,accipit
328 3763 368 3814 Or
379 3779 437 3815 cum
452 3765 580 3830 plerisque
594 3765 658 3816 codd.
679 3766 774 3832 accepit
790 3767 890 3816 Bemc
940 3770 951 3824 ΙΙ
1005 3781 1033 3817 ra
1052 3767 1129 3831 Agirn
1144 3769 1187 3819 Ba

115 3837 336 3906 MthtdsuAgr'a
352 3845 392 3896 Or
423 3849 439 3906 ΙΙ
475 3848 508 3899 r8
523 3846 641 3916 profecta
651 3856 802 3902 emanarunt
814 3849 855 3900 b'a
888 3851 903 3908 ll
938 3859 968 3908 υ
985 3848 1144 3913 possessione
1159 3849 1188 3898 St
