2580 4184
129 172 169 233 80
518 170 569 230 De
585 167 755 246 benficmttir
1012 158 1061 245 [11
1077 179 1121 224 xv
1136 178 1175 241 54

129 359 225 413 suum,
253 339 308 399 sed
331 336 498 398 ministrum
524 347 555 398 et
581 335 778 415 praebitorem
805 345 923 412 sperent
946 333 1042 394 forei'
1089 334 1173 394 Bene

131 436 314 496 ‘ministrum
348 444 379 495 et
412 432 626 511 praebitorem',
661 431 732 509 quia
769 430 923 500 sordidum
956 428 1026 507 regi,
1065 428 1173 489 melius

130 532 229 606 etiam,
244 531 327 608 quod
344 528 529 607 largitionem
538 522 751 606 ‘corruptelam'
769 525 843 588 dixit
865 544 951 603 esse3
981 527 1014 586 fit
1028 523 1109 587 enim
1124 526 1176 586 de·

131 627 220 688 terior
233 626 283 704 qui
297 625 403 704 accipit
417 636 507 702 atque
523 625 563 686 ad
576 624 657 686 idem
672 643 789 700 semper
804 621 1021 700 expectandum
1039 620 1175 699 paratior.

132 741 179 802 54.
223 727 294 784 Hoc
312 722 360 782 ille
374 721 444 796 lilio,
459 721 513 782 sed
526 730 717 799 praeceptum
730 731 869 797 putemus
887 717 1035 779 omnibus.
1066 719 1176 794 Quam·
1205 735 1220 784 5

131 822 232 883 obrem
253 818 285 879 id
306 817 428 896 quidem
451 837 513 878 non
532 816 657 878 dubium
678 827 732 888 est,
754 814 826 892 quin
846 814 896 875 illa
909 813 1082 892 benignitas,
1098 834 1176 891 quae

130 927 247 978 constet
260 935 297 976 ex
311 933 401 992 opera
414 925 444 974 et
458 912 610 986 industria,
630 924 660 974 et
673 911 826 973 honestior
839 910 876 972 sit
890 921 920 973 et
932 909 1019 970 latius
1033 923 1133 988 pateat
1146 923 1177 973 et

211 1063 216 1074 .
304 1064 309 1076 .
381 1008 473 1087 possit
486 1010 628 1087 prodesse
641 1006 792 1086 pluribus:
813 1026 875 1067 non
894 1025 1057 1082 numquam
1076 1017 1177 1068 tamen

130 1063 341 1156 ἕξῧωῐξῖἕῖἓξὲῗὲ
380 1117 426 1166 est
443 1105 628 1183 largiendum
650 1124 705 1164 nec
725 1105 784 1165 hoc
800 1101 988 1180 benignitatis
1004 1122 1096 1181 genus
1116 1123 1178 1164 om·

130 1164 264 1215 ateBounry.
285 1165 340 1206 Give
367 1192 369 1195 -
403 1199 409 1212 .

130 1213 340 1306 gastgithcgunsspar?
380 1220 452 1261 nrno
474 1200 692 1278 repudiandum
713 1210 759 1260 est
782 1209 812 1258 et
834 1216 922 1275 saepe
946 1197 1062 1258 idoneis
1083 1198 1178 1259 homi·
1193 1219 1227 1265 iq

131 1313 186 1365 gard
224 1323 247 1357 ω
286 1327 341 1367 your
380 1298 467 1359 nibus
481 1297 681 1376 indigentibus
693 1298 731 1358 de
745 1316 777 1358 re
791 1295 925 1356 familiari
935 1295 1176 1374 impertiendum,

131 1377 211 1408 m*
381 1394 435 1455 sed
462 1394 618 1472 diligenter
643 1404 734 1471 atque
767 1395 927 1455 moderate.
972 1395 1062 1456 Multi
1095 1397 1177 1458 enim

130 1489 306 1570 patrimonia
324 1492 492 1552 effuderunt
513 1491 680 1553 inconsulte
701 1490 862 1568 largiendo·
905 1491 988 1567 Quid
1009 1504 1110 1554 autem
1130 1505 1176 1556 est

130 1585 247 1646 stultius
261 1606 359 1663 quarn,
380 1587 463 1664 quod
481 1586 607 1648 libenter
624 1587 723 1662 facias,
744 1607 845 1650 curare
859 1598 892 1648 ut
905 1587 937 1650 id
951 1588 1062 1650 diutius
1080 1591 1176 1652 facere

131 1704 193 1745 non
219 1685 336 1763 possis?
375 1689 475 1763 Atque
509 1685 598 1747 etiam
633 1698 797 1770 sequuntur
829 1686 1013 1766 largitionem
1046 1688 1175 1767 rapinae.
1192 1700 1226 1755 ¹5

132 1782 211 1843 Cum
239 1780 319 1840 enim
351 1782 452 1843 dando
486 1801 572 1860 egere
605 1791 777 1859 coepemnt‚
813 1780 916 1841 alienis
950 1780 1044 1854 bonis,
1070 1803 1176 1846 manus

131 1879 233 1938 afferre
251 1888 404 1955 coguntur.
448 1879 504 1951 Ita,
519 1898 589 1938 cum
607 1877 832 1943 benevolentiae
851 1879 1069 1955 comparandae
1088 1901 1177 1942 causa

130 1973 258 2036 benefici
272 1994 336 2034 esse
350 1974 450 2048 velint,
463 1994 524 2036 non
538 1986 620 2036 tanta
633 1973 732 2034 studia
745 1984 942 2050 assequuntur
955 1977 1176 2054 eorumquibus

131 2073 286 2144 dederunt,
304 2081 415 2147 quanta
429 2071 626 2148 odia-comm,
635 2071 741 2149 quibus
760 2072 943 2133 ademerunt
987 2088 1033 2150 55.
1077 2077 1175 2151 Quam

131 2167 247 2227 obrem
261 2186 317 2226 nec
331 2165 372 2226 ita
390 2168 558 2228 claudenda
576 2188 621 2228 res
640 2179 685 2228 est
703 2165 862 2241 familiaris,
882 2178 916 2228 ut
929 2186 996 2228 eam
1010 2169 1176 2250 benignitas
1189 2181 1227 2226 ro

129 2263 241 2341 aperire
255 2283 316 2323 non
330 2263 432 2340 possit,
444 2283 499 2324 nec
514 2264 554 2325 ita
568 2266 732 2336 reseranda,
745 2276 777 2325 ut
788 2276 887 2343 pateat
901 2266 1055 2328 omnibus:
1069 2271 1176 2332 modus

130 2361 304 2423 adhibeatur
324 2361 408 2440 isque
429 2365 569 2423 reseratur
589 2364 628 2423 ad
649 2366 810 2425 facultates.
854 2365 986 2428 Omnino
1006 2367 1176 2430 meminisse

130 2458 275 2518 debemus
295 2457 335 2530 id,
358 2459 440 2534 quod
461 2477 479 2518 a
499 2459 605 2519 nostris
625 2458 796 2520 hominibus
815 2461 984 2539 saepissime
1003 2474 1175 2540 usurpatum
1246 2445 1248 2448 ⁵

130 2554 189 2613 iam
204 2552 234 2611 in
248 2553 394 2630 proverbii
408 2554 656 2615 consuetudInem
670 2555 759 2630 venit,
767 2549 958 2634 ‘largitionem
971 2559 1098 2618 fundum
1112 2579 1173 2620 non

130 2652 258 2712 habere’.
283 2649 401 2710 Etenim
417 2650 482 2728 quis
496 2663 594 2728 potest
608 2653 716 2712 modus
730 2671 803 2727 esse,
818 2672 887 2712 cum
902 2665 932 2714 et
945 2653 1026 2715 idem
1040 2655 1091 2733 qui
1105 2676 1174 2719 con·
1189 2676 1221 2728 ας

131 2759 251 2809 suerunt
265 2759 295 2807 et
309 2746 389 2806 idern
402 2747 477 2807 illud
490 2747 539 2807 alii
554 2748 744 2810 desiderent?

54 2855 120 2906 XVI
441 2843 573 2905 Omnino
593 2845 654 2904 duo
669 2856 738 2904 sunt
751 2864 860 2922 genera
872 2847 1026 2923 largorum,
1048 2867 1173 2925 quorum

158 2956 193 3006 (Α)
216 2955 343 3016 otmense
380 2940 463 3000 alteri
476 2940 600 3019 prodigi,
623 2940 705 3001 alteri
720 2941 873 3002 liberales:
894 2942 1017 3020 prodigi,
1037 2945 1089 3021 qui
1103 2965 1173 3023 epu·

130 3008 218 3100 ἷῗῖιοῖἰ
239 3007 341 3049 Βωώ
379 3037 414 3097 lis
428 3049 458 3098 et
471 3038 712 3099 viscerationibus
733 3049 762 3099 et
776 3038 973 3117 gladiatorum
992 3042 1171 3116 muneribus,

142 3142 178 3174 ⁶¹¹·
195 3143 323 3173 xvr-xnn.
378 3133 517 3194 ludorum
530 3134 781 3211 venationumque
795 3146 935 3212 apparatu
954 3137 1094 3212 pecunias
1107 3159 1172 3215 pro·
1189 3167 1221 3215 30

129 3196 341 3297 hildilid?
379 3230 507 3290 fundunt
524 3231 554 3290 in
573 3251 623 3291 eas
640 3251 694 3304 res,
710 3252 835 3309 quarum
854 3233 1027 3295 memoriam
1047 3248 1098 3297 aut
1112 3239 1174 3301 bre·

129 3296 341 3415 ffilsstfflss]sty,
378 3346 446 3386 vem
456 3341 506 3390 aut
520 3330 631 3388 nullam
643 3329 765 3389 omnino
784 3329 842 3389 sint
862 3330 1007 3406 relicturi;
1034 3339 1080 3411 56.
1103 3337 1175 3399 libe-

378 3427 452 3486 rales
479 3437 588 3500 autem,
617 3427 668 3503 qui
694 3427 755 3487 suis
783 3429 969 3490 facultatibus
996 3443 1047 3491 aut
1071 3445 1174 3511 captos

130 3524 359 3601 apraedonibus
379 3522 528 3583 redimunt
547 3535 598 3585 aut
616 3544 666 3585 aes
685 3524 815 3586 alienum
833 3525 996 3602 suscipiunt
1010 3529 1173 3592 amicorum

129 3631 180 3678 aut
195 3619 225 3678 in
244 3619 368 3678 filiarum
387 3618 582 3680 collocatione
599 3620 740 3680 adiuvant
758 3633 810 3683 aut
828 3621 1009 3698 opitulantur
1027 3627 1075 3684 vel
1088 3626 1120 3687 in
1143 3646 1174 3686 re
1190 3649 1220 3699 35

155 3724 233 3766 raven
271 3734 341 3766 enter·
380 3715 549 3790 quaerenda
575 3716 633 3774 vel'
649 3716 791 3792 augenda
843 3720 949 3794 Itaque
977 3717 1067 3779 miror
1100 3719 1174 3798 quid

128 3774 242 3816 tainments
249 3776 291 3815 and
300 3775 343 3816 fine

113 3824 191 3870 ruane
210 3825 282 3865 asom
297 3838 337 3867 m
373 3813 405 3873 in
433 3825 568 3876 mentem
592 3815 709 3878 venerit·
731 3817 941 3898 Theophrasto
966 3816 1002 3877 in
1025 3837 1064 3879 eo
1088 3818 1177 3892 libro,
