2580 4184
126 229 165 290 50
364 213 414 272 De
432 212 523 272 altera
535 218 623 290 parte
641 211 750 272 Decorr‘
765 229 837 287 quae
855 210 899 270 ad
952 206 980 290 [1
996 226 1099 270 xxxrx
1115 213 1172 285 138

124 380 181 442 mis
205 381 288 454 fiunt,
304 379 392 440 etiam
412 377 436 439 si
455 380 542 439 nobis
558 378 680 457 indigna
697 377 862 452 audiamus,
882 389 983 439 tamen
1000 378 1174 456 gravitatem

123 476 259 550 retinere,
280 475 462 536 iracundiam
482 477 600 553 pellere.
626 478 710 552 Quae
727 473 806 535 enirn
823 493 892 534 curn
909 474 1007 552 aliqua
1023 475 1175 553 perturba·

245 635 250 646 ,
375 570 457 632 tione
470 571 554 644 fiunt,
565 591 601 631 ea
614 590 670 630 nec
684 582 853 631 constanter
866 570 928 631 fieri
938 583 1064 648 possunt
1075 591 1174 648 neque

125 635 338 746 slllllffiffi
376 667 411 728 iis
435 667 487 745 qui
505 669 615 728 adsunt
636 666 762 745 probari.
806 669 949 728 Deforme
968 667 1058 729 etiam
1076 680 1122 730 est
1136 671 1175 730 de

125 749 217 788 ‘'mn‘'
376 784 408 826 se
430 764 528 842 ipsum
552 764 731 843 praedicare,
755 763 829 822 salsa
852 763 1031 840 praesertim,
1053 775 1174 826 etcum
1203 780 1220 831 s

124 858 264 933 iunsioue
277 860 461 923 audientium
475 860 581 922 imitari
594 860 718 921 militem
731 858 903 937 gloriosum.

11 956 114 1006 :XXIX
135 928 137 934 ,
160 932 173 941 ⁸
440 959 505 1032 138.
549 959 589 1017 Et
603 956 744 1033 quoniam
758 955 859 1016 omnia
873 955 1083 1033 persequimur,
1095 959 1176 1018 volu-

150 1002 201 1054 (Bd)
209 1004 230 1046 A
236 1017 311 1055 person
317 1005 343 1048 ol'

124 1053 342 1148 ,lffiffih‘ffi
376 1073 442 1113 mus
456 1051 578 1130 quidem
593 1063 681 1125 certe,
697 1051 858 1113 dicendum
878 1063 922 1112 est
941 1053 1039 1127 etiam,
1056 1056 1174 1130 qualem

124 1155 208 1255 mie
223 1156 274 1247 og}
286 1156 338 1247 2¹33
376 1150 505 1212 hominis
526 1150 663 1212 honorati
684 1162 715 1212 et
734 1149 876 1228 principis
905 1150 1030 1210 domum
1058 1150 1175 1225 placeat

124 1255 173 1356 fige
186 1255 270 1348 ntgtlggg
287 1268 340 1348 ἓξὲξ
379 1267 451 1322 esse,
477 1247 561 1309 cuius
583 1248 650 1309 finis
671 1258 715 1309 est
735 1269 813 1322 usus,
835 1249 876 1309 ad
897 1267 988 1325 quem
1007 1265 1174 1308 accommo
1188 1268 1217 1303 10

125 1336 342 1409 noe'exuavaganuy
379 1347 479 1406 danda
501 1357 545 1407 est
569 1346 748 1408 aedificandi
770 1345 930 1423 descriptio
952 1355 982 1406 et
1004 1356 1104 1406 tamen
1125 1345 1175 1404 ad-

124 1413 193 1459 near,
376 1443 509 1504 hibenda
535 1444 756 1507 commoditatis
781 1442 991 1522 dignitatisque
1004 1442 1170 1521 „diligentia

128 1535 183 1594 Cn.
200 1536 334 1611 Octavio,
350 1539 401 1616 qui
416 1539 527 1617 primus
542 1560 578 1600 ex
592 1540 642 1600 illa
656 1540 767 1600 familia
780 1541 885 1600 consul
899 1542 993 1600 sactus
1008 1549 1059 1610 est,
1067 1538 1173 1600 honori

126 1630 215 1693 fuisse
236 1636 414 1712 accepimus,
439 1638 520 1713 quod
547 1638 728 1714 praeclaram
748 1636 932 1698 aedificasset
956 1635 988 1695 in
1010 1635 1123 1695 Palatio
1144 1646 1174 1695 et

126 1731 245 1806 plenam
260 1731 409 1809 diguitatis
424 1735 566 1794 domum:
584 1753 659 1811 quae
674 1754 742 1794 curn
756 1736 844 1810 vulgo
858 1733 1007 1806 viseretur,
1019 1735 1174 1810 suffragata
1187 1749 1215 1800 15

127 1825 259 1900 domino,
275 1847 353 1889 novo
370 1828 494 1903 homini,
506 1829 546 1890 ad
560 1831 746 1890 consulatum
760 1830 926 1906 putabatur.
943 1831 1034 1889 Hanc
1048 1831 1174 1892 Scaurus

127 1922 284 1985 demolitus
303 1925 503 1987 accessionem
521 1924 654 1986 adiunxit
672 1926 805 1987 aedibus.
848 1927 954 2002 Itaque
972 1925 1022 1986 ille
1040 1925 1072 1984 in
1090 1945 1173 1986 suam

126 2017 249 2080 domum
264 2023 449 2082 consulatum
464 2021 574 2099 primus
588 2021 699 2083 attulit:
717 2021 774 2096 hic,
790 2022 898 2082 summi
911 2033 942 2082 et
955 2021 1107 2082 clarissimi
1120 2023 1174 2082 viri

126 2115 211 2189 filius,
223 2115 254 2175 in
268 2119 391 2178 domum
405 2116 630 2195 multiplicatam
641 2137 703 2178 non
717 2112 863 2196 repulsam
877 2120 974 2178 solum
988 2119 1107 2192 rettulit,
1120 2121 1174 2180 sed

127 2208 318 2290 ignominiam
339 2213 428 2274 etiam
454 2226 483 2274 et
508 2213 714 2275 calamitatem.
760 2233 825 2290 139.
861 2216 1005 2277 Ornanda
1018 2211 1098 2274 enim
1128 2225 1173 2274 est
1184 2239 1216 2273 20

127 2310 253 2388 dignitas
268 2310 369 2383 domo,
385 2330 446 2370 non
460 2330 498 2371 ex
511 2312 603 2372 domo
618 2322 681 2371 tota
701 2311 877 2387 quaerenda,
897 2330 953 2371 nec
970 2312 1061 2372 domo
1081 2313 1174 2371 domi·

126 2424 191 2478 nus,
213 2405 267 2464 sed
287 2405 411 2466 domino
432 2407 539 2466 domus
560 2408 748 2467 honestanda
765 2416 819 2480 est,
842 2417 871 2467 et
901 2417 934 2466 ut
950 2405 981 2464 in
1000 2407 1104 2466 ceteris
1125 2408 1174 2467 ha-

127 2499 226 2560 benda
246 2500 319 2561 ratio
340 2521 402 2561 non
423 2521 475 2561 sua
496 2503 602 2575 solum,
624 2503 679 2562 sed
699 2502 789 2563 etiam
809 2503 943 2576 aliorum,
963 2502 1005 2562 sic
1027 2503 1059 2562 in
1082 2505 1173 2563 domo

127 2597 197 2656 clari
218 2597 354 2672 hominis,
370 2598 401 2658 in
422 2618 512 2676 quam
531 2611 562 2660 et
582 2600 714 2676 hospites
738 2600 823 2660 multi
844 2599 1006 2677 recipiendi
1024 2611 1053 2660 et
1070 2600 1174 2661 admit·

126 2695 219 2753 tenda
232 2694 387 2754 hominum
401 2695 544 2773 cuiusque
565 2695 648 2757 modi
664 2696 832 2770 multitudo,
850 2696 1021 2757 adhibenda
1036 2715 1107 2756 cura
1127 2707 1171 2756 est
1184 2717 1213 2764 25

127 2790 261 2852 laxitatis.
304 2791 399 2852 Aliter
418 2795 517 2869 ampla
539 2794 645 2854 domus
667 2793 807 2855 dedecori
827 2813 916 2870 saepe
940 2793 1063 2854 domino
1073 2805 1124 2866 est,
1146 2794 1172 2856 si

128 2885 220 2946 estin
239 2906 274 2947 ea
292 2887 430 2960 solitudo,
445 2899 475 2948 et
493 2888 630 2964 maxime,
645 2889 670 2949 si
686 2889 846 2966 aliquando
865 2888 924 2948 alio
943 2887 1067 2948 domino
1086 2888 1173 2949 solita

128 2995 173 3044 est
195 2984 381 3062 frequentari.
422 2985 570 3048 Odiosum
593 2997 637 3048 est
664 2986 753 3062 enim,
782 3005 851 3046 cum
876 3005 895 3046 a
917 2985 1170 3064 praetereuntibus

127 3082 253 3144 dicitur:
532 3075 535 3080 ¹

462 3183 485 3233 0
498 3183 584 3232 duntur
598 3177 711 3250 datique,
728 3183 775 3232 keu
790 3198 865 3247 quam
881 3177 979 3247 dispari
1182 3191 1214 3241 30

352 3261 481 3314 domindre
495 3266 613 3317 dontino!

128 3379 209 3456 quod
229 3379 350 3457 quidem
363 3380 409 3440 his
423 3381 603 3458 temporibus
619 3380 650 3442 in
667 3379 766 3440 multis
779 3379 849 3440 licet
863 3378 968 3439 dicere.
1013 3397 1078 3451 140.
1114 3379 1170 3440 Ca·

127 3476 258 3535 vendum
277 3486 377 3535 autem
396 3487 448 3550 est,
469 3475 641 3553 praesertim
660 3475 685 3536 si
703 3475 766 3552 ipse
787 3475 933 3547 aedifices,
952 3493 990 3533 ne
1010 3485 1091 3534 extra
1107 3493 1170 3535 mo

127 3572 200 3631 dum
215 3584 333 3649 sumptu
347 3582 377 3633 et
394 3573 609 3651 magnificentia
625 3575 769 3651 prodeas:
796 3590 857 3648 quo
875 3570 906 3632 in
922 3589 1029 3648 genere
1043 3571 1168 3631 multum

126 3666 196 3726 mali
211 3666 298 3727 etiam
312 3667 343 3727 in
357 3670 492 3745 exemplo
507 3679 560 3728 est
602 3667 740 3730 Studiose
758 3667 837 3728 enim
852 3667 984 3744 plerique
997 3665 1168 3743 praesertim
1181 3684 1210 3734 35

124 3759 155 3821 in
169 3763 247 3822 hanc
256 3774 374 3840 partem
388 3766 466 3824 sacta
478 3764 646 3842 principum
660 3763 819 3837 imitantur,
830 3774 864 3823 ut
878 3765 911 3823 L
922 3760 1045 3836 Luculli,
1058 3761 1168 3822 summi
1235 3766 1239 3775 '

329 3889 362 3938 25
370 3877 472 3942 generis
482 3895 541 3930 cum
552 3879 604 3931 cod.
618 3896 634 3932 a
645 3879 698 3942 Ba,
708 3877 781 3930 modi
789 3877 863 3944 vrdgo
877 3879 913 3928 Or
925 3877 1005 3928 Hune
