2580 4184
145 192 200 236 roa
400 176 450 235 De
466 176 631 236 eontentiom
649 161 774 236 Honesti
790 179 818 233 et
842 174 930 236 (Jtt'lr's
1025 169 1088 256 [111
1105 191 1137 234 rv
1154 191 1188 252 η

142 343 184 403 illi
206 343 328 422 quidem
350 357 473 423 septem,
497 345 552 408 sed
577 364 615 406 ex
642 344 808 406 mediorum
832 343 996 404 officiorum
1019 343 1185 420 frequentia

142 439 365 503 similitudinem
379 442 531 519 quandam
552 442 692 520 gerebant
705 440 895 525 speciemque
909 439 1094 517 sapientium
1141 458 1185 517 17.

145 536 292 613 Quocirca
305 557 362 599 nec
376 538 416 612 id,
432 540 514 616 quod
527 557 595 599 vere
608 538 768 599 honestum
789 548 841 611 est,
857 539 901 597 fas
915 549 959 597 est
974 557 1041 596 cum
1056 535 1188 598 utilitatis

142 633 333 712 repugnantia
354 633 517 712 comparari
539 653 595 695 nec
616 633 657 708 id,
683 635 765 711 quod
786 633 983 695 communiter
1005 636 1188 712 appellamus

141 730 308 805 honestum,
323 730 405 807 quod
419 730 524 790 colitur
537 730 575 791 ab
589 729 624 790 iis
639 731 689 807 qui
707 730 803 791 bonos
822 749 854 791 se
868 729 946 790 viros
960 728 1061 789 haberi
1074 731 1185 802 volunt,
1220 751 1235 801 5

132 846 211 889 ,cum
233 826 440 888 emolumentis
462 845 605 904 umquam
625 839 670 887 est
692 828 934 904 comparandum,
949 838 1071 904 tamque
1089 826 1122 887 id
1136 829 1187 888 ho-

142 934 269 997 nestum,
281 925 363 1000 quod
377 923 407 983 in
422 934 553 984 nostram
568 923 796 1000 intellegentiam
811 925 900 997 cadit,
912 925 1058 985 tuendum
1072 944 1190 986 conser-

142 1023 333 1099 vandumque
347 1021 433 1082 nobis
448 1033 492 1083 est
507 1041 596 1099 quam
610 1021 692 1094 illud,
708 1024 790 1100 quod
808 1022 926 1100 proprie
940 1022 1047 1083 dicitur
1059 1043 1188 1100 vereque

144 1129 189 1177 est
209 1119 376 1191 honestum,
396 1117 576 1195 sapientibus
585 1137 595 1192 3
631 1117 716 1178 aliter
736 1117 815 1178 enim
837 1117 929 1178 teneri
950 1137 1011 1178 non
1031 1128 1138 1196 potest,
1161 1118 1186 1179 si

144 1233 221 1293 quae
243 1216 282 1274 ad
302 1213 439 1276 virtutem
461 1227 507 1276 est
527 1217 605 1276 facta
625 1215 797 1295 progressio.
834 1217 894 1276 Sed
915 1216 990 1276 haec
1012 1217 1134 1294 quidem
1149 1218 1188 1278 de
1205 1244 1235 1278 ιο

144 1309 188 1384 iis,
208 1309 259 1386 qui
282 1310 505 1372 conservatione
526 1312 691 1373 officiorum
710 1311 914 1374 existimantur
934 1312 1013 1373 boni.
1060 1316 1104 1373 18.
1128 1313 1190 1388 Qui

143 1420 243 1470 autem
268 1408 368 1469 omnia
392 1411 553 1472 metiuntur
572 1410 779 1472 emolumentis
798 1421 829 1471 et
849 1411 1015 1471 commodis
1036 1429 1133 1488 neque
1154 1429 1191 1470 ea

144 1509 247 1567 volunt
261 1507 488 1583 praeponderari
506 1510 671 1581 honestate,
685 1507 706 1568 ii
720 1510 816 1568 solent
829 1506 860 1567 in
875 1507 1068 1569 deliberando
1082 1511 1189 1569 hones·

144 1615 207 1665 turn
231 1622 300 1662 cum
324 1622 370 1678 eo,
396 1608 479 1682 quod
501 1607 574 1668 utile
597 1618 712 1685 putant,
737 1626 919 1684 comparare,
954 1608 1025 1668 boni
1048 1606 1101 1668 viri
1126 1627 1188 1668 non

177 1741 306 1772 iluimus
394 1704 497 1763 solent.
532 1706 638 1781 Itaque
652 1702 788 1764 existimo
802 1702 985 1776 Panaetium,
1001 1723 1069 1763 cum
1083 1703 1188 1764 dixerit
1203 1724 1229 1774 ¹5

142 1792 214 1823 meant
226 1781 272 1824 that
292 1781 363 1831 Expe-
469 1804 476 1818 ·
670 1804 676 1817 ·
956 1803 962 1816 .
1110 1804 1116 1817 .

142 1834 220 1883 otency
237 1832 254 1873 rs
271 1831 301 1882 by
315 1844 363 1872 men
396 1807 530 1866 hommes
553 1808 699 1866 solerem
722 1807 779 1866 hac
801 1817 1023 1880 comparatione
1045 1804 1189 1876 dubitare,

142 1881 362 2024 ξξξζξῇἵῗὼζξξὲ
395 1895 453 1956 hoc
467 1894 563 1973 ipsum
578 1894 712 1967 sensisse,
728 1895 811 1972 quod
825 1893 939 1969 dixerit,
952 1895 1070 1956 ‘solere’
1085 1896 1187 1969 modO,

141 1984 205 2076 ξζάξ
216 1982 286 2074 ⁰32,
306 1983 360 2074 3⁰¹2„
392 2010 454 2053 non
468 1991 558 2052 etiam
573 1994 739 2069 ‘oportere’
781 1991 901 2052 Etenim
915 2011 977 2052 non
991 1991 1083 2052 modo
1097 1993 1187 2069 pluris

141 2097 207 2176 iili
219 2083 362 2176 ζζζζξξζξ
395 2100 497 2167 putare
519 2090 601 2166 quod
621 2087 693 2149 utile
714 2087 848 2149 videatur
868 2107 958 2164 quam
979 2089 1062 2166 quod
1082 2090 1188 2150 hones-

116 2192 119 2196 ’
140 2184 192 2236 teca
225 2183 361 2226 ¹¹¹¹³¹f²²i⁰¹t
392 2193 457 2244 turn
472 2189 518 2256 slt,
537 2186 591 2245 sed
605 2186 679 2245 haec
694 2183 782 2245 etiam
793 2184 869 2245 inter
883 2203 914 2245 se
928 2204 1098 2262 comparare
1113 2186 1187 2246 etin
1201 2207 1232 2241 20

143 2285 189 2346 his
217 2284 392 2346 addubitare
416 2280 615 2358 turpissimum
640 2292 694 2342 est.
737 2280 818 2356 Quid
846 2300 916 2358 ergo
944 2291 997 2355 est,
1021 2281 1104 2358 quod
1126 2302 1187 2343 non

144 2401 308 2458 numquam
342 2381 557 2442 dubitationem
592 2379 706 2438 adferre
747 2379 839 2438 soleat
880 2376 1188 2454 considerandumque

144 2483 296 2542 videatur?
336 2481 445 2552 Cred0,
469 2477 494 2538 si
515 2477 637 2554 quando
665 2473 811 2536 dubitatio
832 2473 948 2549 accidit,
973 2475 1061 2551 quale
1088 2473 1126 2534 sit
1146 2476 1186 2550 id,

83 2647 84 2654 ,
142 2581 180 2640 de
203 2598 264 2656 quo
287 2576 495 2637 consideretur.
542 2593 586 2650 19.
629 2575 724 2650 Saepe
747 2571 826 2632 enim
841 2583 972 2650 tempore
994 2574 1027 2632 fit
1048 2583 1088 2646 ut,
1105 2576 1187 2650 quod

144 2689 230 2754 turpe
258 2677 432 2752 plerumque
459 2670 562 2732 haberi
589 2672 691 2744 soleat,
716 2669 882 2732 inveniatur
909 2689 970 2730 non
998 2689 1063 2732 esse
1091 2682 1184 2750 turpe.
1200 2699 1228 2750 25

143 2772 280 2850 Exempli
302 2793 391 2833 causa
412 2781 539 2849 ponatur
557 2769 669 2847 aliquid
683 2769 765 2847 quod
779 2779 879 2846 pateat
893 2767 987 2829 latius.
1032 2770 1123 2844 Quod
1137 2790 1188 2847 po-

141 2882 198 2932 test
220 2869 316 2930 maius
339 2890 403 2931 esse
425 2871 521 2930 scelus
544 2887 633 2945 quam
655 2887 717 2927 non
739 2867 831 2926 modo
853 2866 1014 2938 hominem,
1030 2868 1187 2927 sedetiam

140 2969 312 3030 familiarem
327 2966 479 3028 hominem
494 2965 647 3026 occidere?
678 2967 760 3024 Num
774 2963 860 3041 igitur
874 2983 905 3024 se
920 2962 1053 3024 astrinxit
1067 2966 1185 3040 scelere,

141 3068 166 3130 si
187 3066 239 3145 qui
259 3078 415 3144 tyrannum
430 3063 539 3125 occidit
553 3061 688 3141 quamvis
702 3062 891 3123 familiarem?
932 3062 1048 3139 Populo
1063 3061 1186 3139 quidem

141 3169 281 3227 Romano
304 3184 365 3225 non
387 3162 510 3235 videtur,
535 3161 586 3239 qui
608 3180 645 3222 ex
667 3160 804 3221 omnibus
827 3158 982 3236 praeclaris
1004 3159 1089 3220 factis
1112 3159 1186 3221 illud
1199 3186 1230 3234 30

140 3259 369 3339 pulcherrimum
384 3257 539 3320 existimat.
581 3255 662 3315 Vicit
677 3274 746 3333 ergo
759 3254 869 3315 utilitas
883 3254 1087 3315 honestatem?
1128 3258 1188 3315 Im·

143 3379 194 3420 mo
208 3377 278 3419 vero
292 3359 432 3418 honestas
446 3355 604 3416 utilitatem
625 3362 726 3412 secuta
740 3364 791 3411 est.

192 3551 220 3600 19
236 3535 368 3585 honestum
384 3534 416 3584 sit
430 3534 467 3583 Or
476 3534 506 3582 St
517 3540 643 3596 tamquam
655 3530 738 3580 econe'.
749 3545 804 3578 cum
815 3528 902 3578 habeat
913 3529 961 3578 cod.
973 3529 1052 3578 Bem.
1063 3545 1083 3588 e,
1096 3528 1186 3579 hones·

139 3623 192 3666 tum
204 3623 241 3665 est
252 3616 384 3665 Fleckeisen
396 3615 515 3679 probante
525 3613 605 3662 Heine
652 3615 662 3670 ΙΙ
710 3623 738 3674 31
757 3611 834 3660 immo
849 3626 908 3659 vero
922 3609 1038 3659 honestas
1052 3609 1186 3659 utilitatem

139 3708 223 3747 secuta
234 3697 274 3745 vel
282 3702 414 3746 consecuta
425 3703 462 3744 est
472 3694 547 3750 codd,
554 3694 617 3751 Mem
633 3693 710 3741 immo
725 3707 784 3740 vero
793 3691 910 3740 honestas
921 3690 1067 3740 utilitatem:
1084 3697 1109 3738 et
1120 3691 1186 3739 utili-

137 3786 177 3826 tas
194 3779 351 3826 honestatem
365 3783 450 3824 secuta
465 3783 502 3825 est
518 3775 630 3839 (lagenas
643 3772 695 3822 coll.
708 3771 819 3821 Ambros.
834 3771 863 3820 de
876 3771 915 3835 off.
932 3782 1001 3837 1119,
1016 3769 1056 3832 60,
1070 3769 1186 3820 honestas

118 3855 275 3905 utilitatem:
287 3857 450 3908 honestatem
463 3857 558 3909 utilitas
570 3863 658 3909 secuta
669 3863 707 3908 est
718 3855 760 3906 Bo
772 3854 853 3904 Ileiue
