<?xml version="1.0" encoding="UTF-8"?>
<!DOCTYPE html PUBLIC "-//W3C//DTD XHTML 1.0 Transitional//EN"
    "http://www.w3.org/TR/xhtml1/DTD/xhtml1-transitional.dtd">
<html xmlns="http://www.w3.org/1999/xhtml" xml:lang="en" lang="en">
 <head>
  <title>
</title>
<meta http-equiv="Content-Type" content="text/html;charset=utf-8" />
  <meta name='ocr-system' content='tesseract 3.04.00' />
  <meta name='ocr-capabilities' content='ocr_page ocr_carea ocr_par ocr_line ocrx_word'/>
</head>
<body>
  <div class='ocr_page' id='page_1' title='image "./mtvlliciceronis00holdgoog_0156.png"; bbox 0 0 2580 4184; ppageno 0'>
   <div class='ocr_carea' id='block_1_1' title="bbox 151 203 1197 288">
    <p class='ocr_par' dir='ltr' id='par_1_1' title="bbox 151 203 1197 288">
     <span class='ocr_line' id='line_1_1' title="bbox 151 203 1197 288; baseline -0.001 -22"><span class='ocrx_word' id='word_1_1' title='bbox 151 209 208 267; x_wconf 87' lang='lat'><strong>116</strong></span> <span class='ocrx_word' id='word_1_2' title='bbox 405 206 453 265; x_wconf 82' lang='lat' dir='ltr'><strong>Dc</strong></span> <span class='ocrx_word' id='word_1_3' title='bbox 471 206 641 264; x_wconf 82' lang='lat' dir='ltr'><em>contentione</em></span> <span class='ocrx_word' id='word_1_4' title='bbox 658 206 827 264; x_wconf 74' lang='lat' dir='ltr'><strong>Honestior</strong></span> <span class='ocrx_word' id='word_1_5' title='bbox 851 207 939 266; x_wconf 84' lang='lat' dir='ltr'><strong>Utilis</strong></span> <span class='ocrx_word' id='word_1_6' title='bbox 1012 203 1077 288; x_wconf 90' lang='lat'>[111</span> <span class='ocrx_word' id='word_1_7' title='bbox 1090 224 1145 266; x_wconf 82' lang='lat' dir='ltr'><strong>xlv</strong></span> <span class='ocrx_word' id='word_1_8' title='bbox 1159 224 1197 285; x_wconf 86' lang='lat'><strong>59</strong></span> 
     </span>
    </p>
   </div>
   <div class='ocr_carea' id='block_1_2' title="bbox 147 372 1245 2865">
    <p class='ocr_par' dir='ltr' id='par_1_2' title="bbox 147 372 1245 2865">
     <span class='ocr_line' id='line_1_2' title="bbox 147 372 1196 469; baseline 0.001 -35"><span class='ocrx_word' id='word_1_9' title='bbox 147 418 230 461; x_wconf 53' lang='lat' dir='ltr'><strong>,m</strong></span> <span class='ocrx_word' id='word_1_10' title='bbox 252 417 277 460; x_wconf 43' lang='grc' dir='ltr'><strong>οἱ</strong></span> <span class='ocrx_word' id='word_1_11' title='bbox 300 416 363 469; x_wconf 56' lang='lat' dir='ltr'><strong>sym,</strong></span> <span class='ocrx_word' id='word_1_12' title='bbox 400 376 556 451; x_wconf 82' lang='lat' dir='ltr'><strong>Syracusas</strong></span> <span class='ocrx_word' id='word_1_13' title='bbox 580 372 702 446; x_wconf 89' lang='lat' dir='ltr'><strong>otiaudi,</strong></span> <span class='ocrx_word' id='word_1_14' title='bbox 725 382 759 432; x_wconf 94' lang='lat' dir='ltr'><strong>ut</strong></span> <span class='ocrx_word' id='word_1_15' title='bbox 782 372 845 450; x_wconf 91' lang='lat' dir='ltr'><strong>ipse</strong></span> <span class='ocrx_word' id='word_1_16' title='bbox 869 373 967 434; x_wconf 85' lang='lat' dir='ltr'>dicere</span> <span class='ocrx_word' id='word_1_17' title='bbox 989 375 1111 448; x_wconf 86' lang='lat' dir='ltr'><strong>solebat,</strong></span> <span class='ocrx_word' id='word_1_18' title='bbox 1134 395 1196 436; x_wconf 91' lang='lat' dir='ltr'><strong>non</strong></span> 
     </span>
     <span class='ocr_line' id='line_1_3' title="bbox 149 467 1196 545; baseline 0.005 -20"><span class='ocrx_word' id='word_1_19' title='bbox 149 483 206 520; x_wconf 54' lang='grc' dir='ltr'><strong>ουκ,</strong></span> <span class='ocrx_word' id='word_1_20' title='bbox 400 467 573 545; x_wconf 87' lang='lat' dir='ltr'><strong>negotiandi</strong></span> <span class='ocrx_word' id='word_1_21' title='bbox 586 487 677 527; x_wconf 87' lang='lat' dir='ltr'><strong>causa</strong></span> <span class='ocrx_word' id='word_1_22' title='bbox 690 468 871 540; x_wconf 88' lang='lat' dir='ltr'><strong>contulisset,</strong></span> <span class='ocrx_word' id='word_1_23' title='bbox 885 467 1040 530; x_wconf 90' lang='lat' dir='ltr'><strong>dictitabat</strong></span> <span class='ocrx_word' id='word_1_24' title='bbox 1053 489 1085 530; x_wconf 92' lang='lat' dir='ltr'><strong>se</strong></span> <span class='ocrx_word' id='word_1_25' title='bbox 1099 471 1196 530; x_wconf 91' lang='lat' dir='ltr'><strong>hortu·</strong></span> 
     </span>
     <span class='ocr_line' id='line_1_4' title="bbox 149 563 1195 642; baseline 0.002 -15"><span class='ocrx_word' id='word_1_26' title='bbox 149 568 194 627; x_wconf 89' lang='lat' dir='ltr'><strong>los</strong></span> <span class='ocrx_word' id='word_1_27' title='bbox 207 564 322 642; x_wconf 93' lang='lat' dir='ltr'><strong>aliquos</strong></span> <span class='ocrx_word' id='word_1_28' title='bbox 337 583 435 624; x_wconf 90' lang='lat' dir='ltr'><strong>emere</strong></span> <span class='ocrx_word' id='word_1_29' title='bbox 448 564 533 637; x_wconf 93' lang='lat' dir='ltr'><strong>velle,</strong></span> <span class='ocrx_word' id='word_1_30' title='bbox 550 583 610 641; x_wconf 91' lang='lat' dir='ltr'><strong>quo</strong></span> <span class='ocrx_word' id='word_1_31' title='bbox 624 563 747 624; x_wconf 87' lang='lat' dir='ltr'><strong>invitare</strong></span> <span class='ocrx_word' id='word_1_32' title='bbox 760 564 873 624; x_wconf 90' lang='lat' dir='ltr'><strong>amicos</strong></span> <span class='ocrx_word' id='word_1_33' title='bbox 891 576 922 624; x_wconf 90' lang='lat' dir='ltr'><strong>et</strong></span> <span class='ocrx_word' id='word_1_34' title='bbox 935 566 987 626; x_wconf 94' lang='lat' dir='ltr'><strong>ubi</strong></span> <span class='ocrx_word' id='word_1_35' title='bbox 1001 585 1033 626; x_wconf 90' lang='lat' dir='ltr'><strong>se</strong></span> <span class='ocrx_word' id='word_1_36' title='bbox 1048 568 1195 629; x_wconf 86' lang='lat' dir='ltr'><strong>oblectare</strong></span> 
     </span>
     <span class='ocr_line' id='line_1_5' title="bbox 149 659 1196 742; baseline 0.002 -20"><span class='ocrx_word' id='word_1_37' title='bbox 149 663 212 722; x_wconf 92' lang='lat' dir='ltr'><strong>sine</strong></span> <span class='ocrx_word' id='word_1_38' title='bbox 236 659 502 738; x_wconf 87' lang='lat' dir='ltr'><strong>interpellatoribus</strong></span> <span class='ocrx_word' id='word_1_39' title='bbox 523 671 631 736; x_wconf 91' lang='lat' dir='ltr'><strong>posset.</strong></span> <span class='ocrx_word' id='word_1_40' title='bbox 675 661 767 736; x_wconf 93' lang='lat' dir='ltr'><strong>Quod</strong></span> <span class='ocrx_word' id='word_1_41' title='bbox 787 680 855 720; x_wconf 91' lang='lat' dir='ltr'><strong>cum</strong></span> <span class='ocrx_word' id='word_1_42' title='bbox 875 661 1112 738; x_wconf 87' lang='lat' dir='ltr'><strong>percrebruisset,</strong></span> <span class='ocrx_word' id='word_1_43' title='bbox 1141 667 1196 742; x_wconf 90' lang='lat' dir='ltr'><strong>Py-</strong></span> 
     </span>
     <span class='ocr_line' id='line_1_6' title="bbox 149 755 1239 837; baseline 0 -18"><span class='ocrx_word' id='word_1_44' title='bbox 149 758 227 820; x_wconf 91' lang='lat' dir='ltr'><strong>thius</strong></span> <span class='ocrx_word' id='word_1_45' title='bbox 241 759 270 818; x_wconf 92' lang='lat' dir='ltr'><strong>ei</strong></span> <span class='ocrx_word' id='word_1_46' title='bbox 283 756 413 834; x_wconf 87' lang='lat' dir='ltr'><strong>quidam,</strong></span> <span class='ocrx_word' id='word_1_47' title='bbox 429 755 480 833; x_wconf 93' lang='lat' dir='ltr'><strong>qui</strong></span> <span class='ocrx_word' id='word_1_48' title='bbox 493 755 686 834; x_wconf 88' lang='lat' dir='ltr'><strong>argentariam</strong></span> <span class='ocrx_word' id='word_1_49' title='bbox 700 758 808 818; x_wconf 81' lang='lat' dir='ltr'><strong>faceret</strong></span> <span class='ocrx_word' id='word_1_50' title='bbox 827 757 985 834; x_wconf 88' lang='lat' dir='ltr'><strong>Syracusis,</strong></span> <span class='ocrx_word' id='word_1_51' title='bbox 1000 761 1119 820; x_wconf 87' lang='lat' dir='ltr'><strong>venales</strong></span> <span class='ocrx_word' id='word_1_52' title='bbox 1133 760 1195 837; x_wconf 90' lang='lat' dir='ltr'><strong>qui·</strong></span> <span class='ocrx_word' id='word_1_53' title='bbox 1224 787 1239 837; x_wconf 80' lang='lat'>5</span> 
     </span>
     <span class='ocr_line' id='line_1_7' title="bbox 149 854 1195 930; baseline 0.002 -14"><span class='ocrx_word' id='word_1_54' title='bbox 149 857 219 916; x_wconf 88' lang='lat' dir='ltr'><strong>dem</strong></span> <span class='ocrx_word' id='word_1_55' title='bbox 240 875 271 916; x_wconf 94' lang='lat' dir='ltr'><strong>se</strong></span> <span class='ocrx_word' id='word_1_56' title='bbox 292 857 392 914; x_wconf 92' lang='lat' dir='ltr'><strong>hortos</strong></span> <span class='ocrx_word' id='word_1_57' title='bbox 413 874 474 914; x_wconf 91' lang='lat' dir='ltr'><strong>non</strong></span> <span class='ocrx_word' id='word_1_58' title='bbox 494 855 611 926; x_wconf 91' lang='lat' dir='ltr'><strong>habere,</strong></span> <span class='ocrx_word' id='word_1_59' title='bbox 634 855 688 915; x_wconf 91' lang='lat' dir='ltr'><strong>sed</strong></span> <span class='ocrx_word' id='word_1_60' title='bbox 707 855 795 914; x_wconf 89' lang='lat' dir='ltr'><strong>licere</strong></span> <span class='ocrx_word' id='word_1_61' title='bbox 815 854 859 915; x_wconf 93' lang='lat' dir='ltr'><strong>uti</strong></span> <span class='ocrx_word' id='word_1_62' title='bbox 880 855 984 928; x_wconf 90' lang='lat' dir='ltr'><strong>Cani0,</strong></span> <span class='ocrx_word' id='word_1_63' title='bbox 1006 856 1032 916; x_wconf 93' lang='lat' dir='ltr'><strong>si</strong></span> <span class='ocrx_word' id='word_1_64' title='bbox 1051 859 1146 930; x_wconf 88' lang='lat' dir='ltr'><strong>vellet,</strong></span> <span class='ocrx_word' id='word_1_65' title='bbox 1163 869 1195 919; x_wconf 91' lang='lat' dir='ltr'><strong>ut</strong></span> 
     </span>
     <span class='ocr_line' id='line_1_8' title="bbox 149 950 1195 1030; baseline 0.003 -18"><span class='ocrx_word' id='word_1_66' title='bbox 149 951 217 1025; x_wconf 91' lang='lat' dir='ltr'><strong>suis,</strong></span> <span class='ocrx_word' id='word_1_67' title='bbox 233 962 262 1012; x_wconf 90' lang='lat' dir='ltr'><strong>et</strong></span> <span class='ocrx_word' id='word_1_68' title='bbox 276 951 363 1011; x_wconf 93' lang='lat' dir='ltr'><strong>simul</strong></span> <span class='ocrx_word' id='word_1_69' title='bbox 375 950 415 1010; x_wconf 90' lang='lat' dir='ltr'><strong>ad</strong></span> <span class='ocrx_word' id='word_1_70' title='bbox 429 969 534 1010; x_wconf 88' lang='lat' dir='ltr'><strong>cenam</strong></span> <span class='ocrx_word' id='word_1_71' title='bbox 554 950 705 1011; x_wconf 90' lang='lat' dir='ltr'><strong>hominem</strong></span> <span class='ocrx_word' id='word_1_72' title='bbox 728 951 758 1010; x_wconf 91' lang='lat' dir='ltr'><strong>in</strong></span> <span class='ocrx_word' id='word_1_73' title='bbox 779 953 880 1012; x_wconf 87' lang='lat' dir='ltr'><strong>hortos</strong></span> <span class='ocrx_word' id='word_1_74' title='bbox 901 952 1034 1013; x_wconf 86' lang='lat' dir='ltr'><strong>invitavit</strong></span> <span class='ocrx_word' id='word_1_75' title='bbox 1053 953 1085 1012; x_wconf 94' lang='lat' dir='ltr'><strong>in</strong></span> <span class='ocrx_word' id='word_1_76' title='bbox 1099 967 1195 1030; x_wconf 91' lang='lat' dir='ltr'><strong>poste·</strong></span> 
     </span>
     <span class='ocr_line' id='line_1_9' title="bbox 149 1046 1194 1126; baseline 0.006 -20"><span class='ocrx_word' id='word_1_77' title='bbox 149 1067 214 1106; x_wconf 89' lang='lat' dir='ltr'><strong>rum</strong></span> <span class='ocrx_word' id='word_1_78' title='bbox 236 1047 323 1107; x_wconf 89' lang='lat' dir='ltr'><strong>diem.</strong></span> <span class='ocrx_word' id='word_1_79' title='bbox 367 1048 444 1108; x_wconf 92' lang='lat' dir='ltr'><strong>Cum</strong></span> <span class='ocrx_word' id='word_1_80' title='bbox 471 1046 521 1107; x_wconf 91' lang='lat' dir='ltr'><strong>ille</strong></span> <span class='ocrx_word' id='word_1_81' title='bbox 544 1046 733 1123; x_wconf 88' lang='lat' dir='ltr'><strong>promisisset,</strong></span> <span class='ocrx_word' id='word_1_82' title='bbox 756 1058 819 1107; x_wconf 93' lang='lat' dir='ltr'><strong>tum</strong></span> <span class='ocrx_word' id='word_1_83' title='bbox 841 1049 972 1125; x_wconf 92' lang='lat' dir='ltr'><strong>Pythius,</strong></span> <span class='ocrx_word' id='word_1_84' title='bbox 993 1049 1045 1126; x_wconf 90' lang='lat' dir='ltr'><strong>qui</strong></span> <span class='ocrx_word' id='word_1_85' title='bbox 1064 1062 1142 1111; x_wconf 91' lang='lat' dir='ltr'><strong>esset</strong></span> <span class='ocrx_word' id='word_1_86' title='bbox 1162 1062 1194 1113; x_wconf 91' lang='lat' dir='ltr'><strong>ut</strong></span> 
     </span>
     <span class='ocr_line' id='line_1_10' title="bbox 148 1144 1245 1223; baseline 0.003 -18"><span class='ocrx_word' id='word_1_87' title='bbox 148 1145 326 1223; x_wconf 90' lang='lat' dir='ltr'><strong>argentarius</strong></span> <span class='ocrx_word' id='word_1_88' title='bbox 340 1144 420 1221; x_wconf 89' lang='lat' dir='ltr'><strong>apud</strong></span> <span class='ocrx_word' id='word_1_89' title='bbox 434 1163 538 1204; x_wconf 89' lang='lat' dir='ltr'><strong>omnes</strong></span> <span class='ocrx_word' id='word_1_90' title='bbox 552 1144 670 1205; x_wconf 86' lang='lat' dir='ltr'><strong>ordines</strong></span> <span class='ocrx_word' id='word_1_91' title='bbox 683 1144 835 1222; x_wconf 88' lang='lat' dir='ltr'><strong>gratiosus,</strong></span> <span class='ocrx_word' id='word_1_92' title='bbox 850 1147 1010 1222; x_wconf 87' lang='lat' dir='ltr'><strong>piscatores</strong></span> <span class='ocrx_word' id='word_1_93' title='bbox 1028 1147 1067 1207; x_wconf 89' lang='lat' dir='ltr'><strong>ad</strong></span> <span class='ocrx_word' id='word_1_94' title='bbox 1081 1167 1112 1208; x_wconf 92' lang='lat' dir='ltr'><strong>se</strong></span> <span class='ocrx_word' id='word_1_95' title='bbox 1127 1168 1195 1208; x_wconf 91' lang='lat' dir='ltr'><strong>con·</strong></span> <span class='ocrx_word' id='word_1_96' title='bbox 1244 1215 1245 1218; x_wconf 8' lang='grc' dir='ltr'><strong>Ἴ</strong></span> 
     </span>
     <span class='ocr_line' id='line_1_11' title="bbox 148 1241 1239 1321; baseline 0.003 -18"><span class='ocrx_word' id='word_1_97' title='bbox 148 1241 264 1303; x_wconf 92' lang='lat' dir='ltr'><strong>vocavit</strong></span> <span class='ocrx_word' id='word_1_98' title='bbox 284 1252 315 1302; x_wconf 90' lang='lat' dir='ltr'><strong>et</strong></span> <span class='ocrx_word' id='word_1_99' title='bbox 334 1243 372 1302; x_wconf 91' lang='lat' dir='ltr'><strong>ab</strong></span> <span class='ocrx_word' id='word_1_100' title='bbox 392 1241 428 1302; x_wconf 92' lang='lat' dir='ltr'><strong>iis</strong></span> <span class='ocrx_word' id='word_1_101' title='bbox 448 1241 560 1319; x_wconf 89' lang='lat' dir='ltr'><strong>petivit,</strong></span> <span class='ocrx_word' id='word_1_102' title='bbox 574 1252 607 1302; x_wconf 91' lang='lat' dir='ltr'><strong>ut</strong></span> <span class='ocrx_word' id='word_1_103' title='bbox 625 1253 693 1302; x_wconf 91' lang='lat' dir='ltr'><strong>ante</strong></span> <span class='ocrx_word' id='word_1_104' title='bbox 712 1261 782 1301; x_wconf 91' lang='lat' dir='ltr'><strong>suos</strong></span> <span class='ocrx_word' id='word_1_105' title='bbox 800 1244 933 1303; x_wconf 91' lang='lat' dir='ltr'><strong>hortulos</strong></span> <span class='ocrx_word' id='word_1_106' title='bbox 947 1243 1088 1320; x_wconf 88' lang='lat' dir='ltr'><strong>postridie</strong></span> <span class='ocrx_word' id='word_1_107' title='bbox 1102 1245 1194 1321; x_wconf 89' lang='lat' dir='ltr'><strong>pisca·</strong></span> <span class='ocrx_word' id='word_1_108' title='bbox 1209 1272 1239 1307; x_wconf 89' lang='lat'><strong>10</strong></span> 
     </span>
     <span class='ocr_line' id='line_1_12' title="bbox 149 1337 1195 1420; baseline 0.005 -20"><span class='ocrx_word' id='word_1_109' title='bbox 149 1349 257 1411; x_wconf 90' lang='lat' dir='ltr'><strong>rentur,</strong></span> <span class='ocrx_word' id='word_1_110' title='bbox 273 1338 405 1414; x_wconf 87' lang='lat' dir='ltr'><strong>dixitque</strong></span> <span class='ocrx_word' id='word_1_111' title='bbox 419 1337 492 1415; x_wconf 92' lang='lat' dir='ltr'><strong>quid</strong></span> <span class='ocrx_word' id='word_1_112' title='bbox 506 1358 558 1399; x_wconf 90' lang='lat' dir='ltr'><strong>eos</strong></span> <span class='ocrx_word' id='word_1_113' title='bbox 572 1341 667 1400; x_wconf 83' lang='lat' dir='ltr'><strong>facere</strong></span> <span class='ocrx_word' id='word_1_114' title='bbox 681 1341 777 1400; x_wconf 82' lang='lat' dir='ltr'><strong>vellet</strong></span> <span class='ocrx_word' id='word_1_115' title='bbox 819 1341 870 1400; x_wconf 93' lang='lat' dir='ltr'><strong>Ad</strong></span> <span class='ocrx_word' id='word_1_116' title='bbox 887 1360 992 1401; x_wconf 91' lang='lat' dir='ltr'><strong>cenam</strong></span> <span class='ocrx_word' id='word_1_117' title='bbox 1011 1342 1136 1420; x_wconf 89' lang='lat' dir='ltr'><strong>tempori</strong></span> <span class='ocrx_word' id='word_1_118' title='bbox 1147 1364 1195 1405; x_wconf 91' lang='lat' dir='ltr'><strong>ve·</strong></span> 
     </span>
     <span class='ocr_line' id='line_1_13' title="bbox 150 1434 1192 1516; baseline 0.005 -20"><span class='ocrx_word' id='word_1_119' title='bbox 150 1436 193 1497; x_wconf 93' lang='lat' dir='ltr'><strong>nit</strong></span> <span class='ocrx_word' id='word_1_120' title='bbox 208 1435 332 1499; x_wconf 90' lang='lat' dir='ltr'><strong>Canius:</strong></span> <span class='ocrx_word' id='word_1_121' title='bbox 347 1434 467 1513; x_wconf 89' lang='lat' dir='ltr'><strong>opipare</strong></span> <span class='ocrx_word' id='word_1_122' title='bbox 481 1456 499 1496; x_wconf 90' lang='lat' dir='ltr'><strong>a</strong></span> <span class='ocrx_word' id='word_1_123' title='bbox 514 1437 620 1515; x_wconf 90' lang='lat' dir='ltr'><strong>Pythio</strong></span> <span class='ocrx_word' id='word_1_124' title='bbox 639 1439 812 1516; x_wconf 89' lang='lat' dir='ltr'><strong>adparatum</strong></span> <span class='ocrx_word' id='word_1_125' title='bbox 831 1439 1008 1514; x_wconf 88' lang='lat' dir='ltr'><strong>convivium,</strong></span> <span class='ocrx_word' id='word_1_126' title='bbox 1021 1442 1192 1502; x_wconf 89' lang='lat' dir='ltr'><strong>cumbamm</strong></span> 
     </span>
     <span class='ocr_line' id='line_1_14' title="bbox 149 1532 1194 1616; baseline 0.005 -22"><span class='ocrx_word' id='word_1_127' title='bbox 149 1545 218 1595; x_wconf 90' lang='lat' dir='ltr'><strong>ante</strong></span> <span class='ocrx_word' id='word_1_128' title='bbox 232 1535 335 1594; x_wconf 91' lang='lat' dir='ltr'><strong>oculos</strong></span> <span class='ocrx_word' id='word_1_129' title='bbox 350 1532 509 1594; x_wconf 91' lang='lat' dir='ltr'><strong>multitudo</strong></span> <span class='ocrx_word' id='word_1_130' title='bbox 513 1555 523 1608; x_wconf 91' lang='lat'><strong>,·</strong></span> <span class='ocrx_word' id='word_1_131' title='bbox 540 1552 595 1610; x_wconf 92' lang='lat' dir='ltr'><strong>pro</strong></span> <span class='ocrx_word' id='word_1_132' title='bbox 609 1553 640 1594; x_wconf 95' lang='lat' dir='ltr'><strong>se</strong></span> <span class='ocrx_word' id='word_1_133' title='bbox 655 1535 779 1613; x_wconf 89' lang='lat' dir='ltr'><strong>quisque</strong></span> <span class='ocrx_word' id='word_1_134' title='bbox 793 1538 877 1614; x_wconf 92' lang='lat' dir='ltr'><strong>quod</strong></span> <span class='ocrx_word' id='word_1_135' title='bbox 890 1548 1016 1616; x_wconf 85' lang='lat' dir='ltr'><strong>ceperat,</strong></span> <span class='ocrx_word' id='word_1_136' title='bbox 1029 1539 1194 1613; x_wconf 81' lang='lat' dir='ltr'><strong>adserebat3</strong></span> 
     </span>
     <span class='ocr_line' id='line_1_15' title="bbox 149 1629 1193 1712; baseline 0.008 -22"><span class='ocrx_word' id='word_1_137' title='bbox 149 1641 218 1691; x_wconf 91' lang='lat' dir='ltr'><strong>ante</strong></span> <span class='ocrx_word' id='word_1_138' title='bbox 248 1631 341 1708; x_wconf 88' lang='lat' dir='ltr'><strong>pedes</strong></span> <span class='ocrx_word' id='word_1_139' title='bbox 370 1629 469 1708; x_wconf 90' lang='lat' dir='ltr'><strong>Pythii</strong></span> <span class='ocrx_word' id='word_1_140' title='bbox 488 1631 584 1708; x_wconf 89' lang='lat' dir='ltr'><strong>pisces</strong></span> <span class='ocrx_word' id='word_1_141' title='bbox 605 1631 813 1694; x_wconf 89' lang='lat' dir='ltr'><strong>abiciebantur.</strong></span> <span class='ocrx_word' id='word_1_142' title='bbox 866 1651 913 1712; x_wconf 88' lang='lat'><strong>59.</strong></span> <span class='ocrx_word' id='word_1_143' title='bbox 956 1637 1036 1695; x_wconf 92' lang='lat' dir='ltr'><strong>Tum</strong></span> <span class='ocrx_word' id='word_1_144' title='bbox 1065 1637 1193 1698; x_wconf 85' lang='lat' dir='ltr'><strong>Canius:</strong></span> 
     </span>
     <span class='ocr_line' id='line_1_16' title="bbox 151 1725 1237 1808; baseline 0.002 -21"><span class='ocrx_word' id='word_1_145' title='bbox 151 1729 296 1803; x_wconf 90' lang='lat' dir='ltr'><strong>‘Quaeso’</strong></span> <span class='ocrx_word' id='word_1_146' title='bbox 310 1725 406 1805; x_wconf 89' lang='lat' dir='ltr'><strong>inquit</strong></span> <span class='ocrx_word' id='word_1_147' title='bbox 421 1727 506 1804; x_wconf 88' lang='lat' dir='ltr'><strong>‘quid</strong></span> <span class='ocrx_word' id='word_1_148' title='bbox 520 1739 565 1788; x_wconf 93' lang='lat' dir='ltr'><strong>est</strong></span> <span class='ocrx_word' id='word_1_149' title='bbox 586 1728 653 1801; x_wconf 92' lang='lat' dir='ltr'><strong>hoc,</strong></span> <span class='ocrx_word' id='word_1_150' title='bbox 669 1728 775 1806; x_wconf 86' lang='lat' dir='ltr'><strong>Pythi?</strong></span> <span class='ocrx_word' id='word_1_151' title='bbox 794 1740 949 1791; x_wconf 91' lang='lat' dir='ltr'><strong>tantumne</strong></span> <span class='ocrx_word' id='word_1_152' title='bbox 969 1731 1113 1808; x_wconf 86' lang='lat' dir='ltr'><strong>piscium?</strong></span> <span class='ocrx_word' id='word_1_153' title='bbox 1133 1744 1237 1803; x_wconf 82' lang='lat' dir='ltr'><strong>tan-15</strong></span> 
     </span>
     <span class='ocr_line' id='line_1_17' title="bbox 150 1825 1194 1905; baseline 0.006 -19"><span class='ocrx_word' id='word_1_154' title='bbox 150 1836 251 1886; x_wconf 89' lang='lat' dir='ltr'><strong>tumne</strong></span> <span class='ocrx_word' id='word_1_155' title='bbox 265 1825 466 1886; x_wconf 74' lang='lat' dir='ltr'><strong>cumbarumi‘</strong></span> <span class='ocrx_word' id='word_1_156' title='bbox 495 1829 534 1886; x_wconf 91' lang='lat' dir='ltr'><strong>Et</strong></span> <span class='ocrx_word' id='word_1_157' title='bbox 547 1825 596 1886; x_wconf 93' lang='lat' dir='ltr'><strong>ille</strong></span> <span class='ocrx_word' id='word_1_158' title='bbox 611 1826 707 1901; x_wconf 88' lang='lat' dir='ltr'><strong>‘Quid</strong></span> <span class='ocrx_word' id='word_1_159' title='bbox 720 1826 858 1886; x_wconf 79' lang='lat' dir='ltr'><strong>mirumr’</strong></span> <span class='ocrx_word' id='word_1_160' title='bbox 872 1827 969 1905; x_wconf 90' lang='lat' dir='ltr'><strong>inquit</strong></span> <span class='ocrx_word' id='word_1_161' title='bbox 984 1831 1136 1891; x_wconf 91' lang='lat' dir='ltr'><strong>‘hocloco</strong></span> <span class='ocrx_word' id='word_1_162' title='bbox 1150 1843 1194 1892; x_wconf 91' lang='lat' dir='ltr'><strong>est</strong></span> 
     </span>
     <span class='ocr_line' id='line_1_18' title="bbox 151 1919 1195 1999; baseline 0.005 -19"><span class='ocrx_word' id='word_1_163' title='bbox 151 1920 298 1999; x_wconf 89' lang='lat' dir='ltr'><strong>Syracusis</strong></span> <span class='ocrx_word' id='word_1_164' title='bbox 319 1919 465 1998; x_wconf 90' lang='lat' dir='ltr'><strong>quidquid</strong></span> <span class='ocrx_word' id='word_1_165' title='bbox 485 1931 530 1981; x_wconf 91' lang='lat' dir='ltr'><strong>est</strong></span> <span class='ocrx_word' id='word_1_166' title='bbox 549 1920 682 1999; x_wconf 86' lang='lat' dir='ltr'><strong>piscium,</strong></span> <span class='ocrx_word' id='word_1_167' title='bbox 697 1921 746 1980; x_wconf 92' lang='lat' dir='ltr'><strong>hic</strong></span> <span class='ocrx_word' id='word_1_168' title='bbox 766 1921 894 1998; x_wconf 87' lang='lat' dir='ltr'><strong>aquatio,</strong></span> <span class='ocrx_word' id='word_1_169' title='bbox 916 1925 973 1983; x_wconf 88' lang='lat' dir='ltr'><strong>hac</strong></span> <span class='ocrx_word' id='word_1_170' title='bbox 992 1924 1062 1985; x_wconf 89' lang='lat' dir='ltr'><strong>villa</strong></span> <span class='ocrx_word' id='word_1_171' title='bbox 1080 1924 1129 1985; x_wconf 91' lang='lat' dir='ltr'><strong>isti</strong></span> <span class='ocrx_word' id='word_1_172' title='bbox 1149 1945 1195 1984; x_wconf 92' lang='lat' dir='ltr'><strong>ca·</strong></span> 
     </span>
     <span class='ocr_line' id='line_1_19' title="bbox 149 2017 1195 2101; baseline 0.005 -24"><span class='ocrx_word' id='word_1_173' title='bbox 149 2037 212 2078; x_wconf 87' lang='lat' dir='ltr'><strong>rere</strong></span> <span class='ocrx_word' id='word_1_174' title='bbox 226 2037 288 2078; x_wconf 92' lang='lat' dir='ltr'><strong>non</strong></span> <span class='ocrx_word' id='word_1_175' title='bbox 300 2017 442 2096; x_wconf 83' lang='lat' dir='ltr'><strong>possunt’</strong></span> <span class='ocrx_word' id='word_1_176' title='bbox 477 2019 621 2078; x_wconf 89' lang='lat' dir='ltr'><strong>Incensus</strong></span> <span class='ocrx_word' id='word_1_177' title='bbox 637 2017 746 2079; x_wconf 90' lang='lat' dir='ltr'><strong>Canius</strong></span> <span class='ocrx_word' id='word_1_178' title='bbox 760 2018 922 2096; x_wconf 90' lang='lat' dir='ltr'><strong>cupiditate</strong></span> <span class='ocrx_word' id='word_1_179' title='bbox 940 2022 1094 2082; x_wconf 87' lang='lat' dir='ltr'><strong>contendit</strong></span> <span class='ocrx_word' id='word_1_180' title='bbox 1108 2042 1126 2082; x_wconf 92' lang='lat' dir='ltr'><strong>a</strong></span> <span class='ocrx_word' id='word_1_181' title='bbox 1139 2025 1195 2101; x_wconf 92' lang='lat' dir='ltr'><strong>Py·</strong></span> 
     </span>
     <span class='ocr_line' id='line_1_20' title="bbox 150 2113 1192 2193; baseline 0.001 -19"><span class='ocrx_word' id='word_1_182' title='bbox 150 2114 213 2174; x_wconf 94' lang='lat' dir='ltr'><strong>thio</strong></span> <span class='ocrx_word' id='word_1_183' title='bbox 226 2125 259 2174; x_wconf 92' lang='lat' dir='ltr'><strong>ut</strong></span> <span class='ocrx_word' id='word_1_184' title='bbox 272 2115 420 2175; x_wconf 89' lang='lat' dir='ltr'><strong>venderet.</strong></span> <span class='ocrx_word' id='word_1_185' title='bbox 464 2115 590 2174; x_wconf 88' lang='lat' dir='ltr'><strong>Gravate</strong></span> <span class='ocrx_word' id='word_1_186' title='bbox 604 2113 653 2174; x_wconf 87' lang='lat' dir='ltr'><strong>ille</strong></span> <span class='ocrx_word' id='word_1_187' title='bbox 667 2113 769 2190; x_wconf 91' lang='lat' dir='ltr'><strong>primo.</strong></span> <span class='ocrx_word' id='word_1_188' title='bbox 813 2113 897 2188; x_wconf 88' lang='lat' dir='ltr'><strong>Quid</strong></span> <span class='ocrx_word' id='word_1_189' title='bbox 915 2117 1030 2176; x_wconf 83' lang='lat' dir='ltr'><strong>multa?</strong></span> <span class='ocrx_word' id='word_1_190' title='bbox 1048 2115 1192 2193; x_wconf 88' lang='lat' dir='ltr'><strong>impetrat.</strong></span> 
     </span>
     <span class='ocr_line' id='line_1_21' title="bbox 151 2210 1239 2289; baseline 0 -17"><span class='ocrx_word' id='word_1_191' title='bbox 151 2211 231 2272; x_wconf 90' lang='lat' dir='ltr'><strong>Emit</strong></span> <span class='ocrx_word' id='word_1_192' title='bbox 249 2213 341 2272; x_wconf 90' lang='lat' dir='ltr'><strong>bomo</strong></span> <span class='ocrx_word' id='word_1_193' title='bbox 359 2210 484 2288; x_wconf 90' lang='lat' dir='ltr'><strong>cupidus</strong></span> <span class='ocrx_word' id='word_1_194' title='bbox 503 2221 533 2272; x_wconf 88' lang='lat' dir='ltr'><strong>et</strong></span> <span class='ocrx_word' id='word_1_195' title='bbox 550 2212 682 2288; x_wconf 89' lang='lat' dir='ltr'><strong>locuples</strong></span> <span class='ocrx_word' id='word_1_196' title='bbox 696 2210 778 2284; x_wconf 89' lang='lat' dir='ltr'><strong>tanti,</strong></span> <span class='ocrx_word' id='word_1_197' title='bbox 794 2211 897 2287; x_wconf 90' lang='lat' dir='ltr'><strong>quanti</strong></span> <span class='ocrx_word' id='word_1_198' title='bbox 912 2211 1034 2289; x_wconf 88' lang='lat' dir='ltr'><strong>Pythius</strong></span> <span class='ocrx_word' id='word_1_199' title='bbox 1047 2212 1149 2286; x_wconf 89' lang='lat' dir='ltr'><strong>voluit,</strong></span> <span class='ocrx_word' id='word_1_200' title='bbox 1164 2224 1193 2274; x_wconf 96' lang='lat' dir='ltr'><strong>et</strong></span> <span class='ocrx_word' id='word_1_201' title='bbox 1207 2239 1239 2273; x_wconf 79' lang='lat'><strong>20</strong></span> 
     </span>
     <span class='ocr_line' id='line_1_22' title="bbox 150 2307 1195 2384; baseline 0.001 -14"><span class='ocrx_word' id='word_1_202' title='bbox 150 2309 221 2370; x_wconf 92' lang='lat' dir='ltr'><strong>emit</strong></span> <span class='ocrx_word' id='word_1_203' title='bbox 234 2308 398 2369; x_wconf 90' lang='lat' dir='ltr'><strong>instructos.</strong></span> <span class='ocrx_word' id='word_1_204' title='bbox 442 2307 573 2368; x_wconf 90' lang='lat' dir='ltr'><strong>Nomina</strong></span> <span class='ocrx_word' id='word_1_205' title='bbox 586 2307 664 2381; x_wconf 83' lang='lat' dir='ltr'><strong>facit,</strong></span> <span class='ocrx_word' id='word_1_206' title='bbox 679 2308 830 2384; x_wconf 86' lang='lat' dir='ltr'><strong>negotium</strong></span> <span class='ocrx_word' id='word_1_207' title='bbox 844 2309 972 2369; x_wconf 88' lang='lat' dir='ltr'><strong>conficit.</strong></span> <span class='ocrx_word' id='word_1_208' title='bbox 1016 2308 1125 2369; x_wconf 91' lang='lat' dir='ltr'><strong>Invitat</strong></span> <span class='ocrx_word' id='word_1_209' title='bbox 1140 2313 1195 2371; x_wconf 90' lang='lat' dir='ltr'><strong>Ca·</strong></span> 
     </span>
     <span class='ocr_line' id='line_1_23' title="bbox 150 2405 1193 2483; baseline 0 -17"><span class='ocrx_word' id='word_1_210' title='bbox 150 2407 215 2466; x_wconf 92' lang='lat' dir='ltr'><strong>nius</strong></span> <span class='ocrx_word' id='word_1_211' title='bbox 233 2405 374 2483; x_wconf 90' lang='lat' dir='ltr'><strong>postridie</strong></span> <span class='ocrx_word' id='word_1_212' title='bbox 393 2405 548 2466; x_wconf 84' lang='lat' dir='ltr'><strong>familiares</strong></span> <span class='ocrx_word' id='word_1_213' title='bbox 566 2425 644 2478; x_wconf 89' lang='lat' dir='ltr'><strong>suos,</strong></span> <span class='ocrx_word' id='word_1_214' title='bbox 659 2405 740 2465; x_wconf 92' lang='lat' dir='ltr'><strong>venit</strong></span> <span class='ocrx_word' id='word_1_215' title='bbox 759 2405 822 2482; x_wconf 93' lang='lat' dir='ltr'><strong>ipse</strong></span> <span class='ocrx_word' id='word_1_216' title='bbox 836 2416 958 2478; x_wconf 87' lang='lat' dir='ltr'><strong>mature,</strong></span> <span class='ocrx_word' id='word_1_217' title='bbox 974 2406 1116 2465; x_wconf 87' lang='lat' dir='ltr'><strong>scalmum</strong></span> <span class='ocrx_word' id='word_1_218' title='bbox 1132 2409 1193 2466; x_wconf 89' lang='lat' dir='ltr'><strong>nul-</strong></span> 
     </span>
     <span class='ocr_line' id='line_1_24' title="bbox 149 2501 1193 2581; baseline 0 -17"><span class='ocrx_word' id='word_1_219' title='bbox 149 2506 211 2564; x_wconf 91' lang='lat' dir='ltr'><strong>lum</strong></span> <span class='ocrx_word' id='word_1_220' title='bbox 232 2503 320 2563; x_wconf 90' lang='lat' dir='ltr'><strong>videt.</strong></span> <span class='ocrx_word' id='word_1_221' title='bbox 364 2501 486 2578; x_wconf 88' lang='lat' dir='ltr'><strong>Quaerit</strong></span> <span class='ocrx_word' id='word_1_222' title='bbox 505 2522 543 2563; x_wconf 88' lang='lat' dir='ltr'><strong>ex</strong></span> <span class='ocrx_word' id='word_1_223' title='bbox 557 2503 696 2580; x_wconf 85' lang='lat' dir='ltr'><strong>proximo</strong></span> <span class='ocrx_word' id='word_1_224' title='bbox 715 2503 814 2564; x_wconf 91' lang='lat' dir='ltr'><strong>vicino</strong></span> <span class='ocrx_word' id='word_1_225' title='bbox 838 2524 911 2563; x_wconf 91' lang='lat' dir='ltr'><strong>num</strong></span> <span class='ocrx_word' id='word_1_226' title='bbox 931 2503 1019 2564; x_wconf 85' lang='lat' dir='ltr'><strong>seriae</strong></span> <span class='ocrx_word' id='word_1_227' title='bbox 1046 2506 1193 2581; x_wconf 87' lang='lat' dir='ltr'><strong>quaedam</strong></span> 
     </span>
     <span class='ocr_line' id='line_1_25' title="bbox 150 2598 1192 2677; baseline 0.003 -20"><span class='ocrx_word' id='word_1_228' title='bbox 150 2598 328 2676; x_wconf 90' lang='lat' dir='ltr'><strong>piscatorum</strong></span> <span class='ocrx_word' id='word_1_229' title='bbox 347 2608 454 2670; x_wconf 90' lang='lat' dir='ltr'><strong>essent,</strong></span> <span class='ocrx_word' id='word_1_230' title='bbox 476 2598 559 2673; x_wconf 90' lang='lat' dir='ltr'><strong>quod</strong></span> <span class='ocrx_word' id='word_1_231' title='bbox 578 2617 630 2658; x_wconf 91' lang='lat' dir='ltr'><strong>eos</strong></span> <span class='ocrx_word' id='word_1_232' title='bbox 654 2599 751 2658; x_wconf 88' lang='lat' dir='ltr'><strong>nullos</strong></span> <span class='ocrx_word' id='word_1_233' title='bbox 774 2598 909 2659; x_wconf 86' lang='lat' dir='ltr'><strong>videret?</strong></span> <span class='ocrx_word' id='word_1_234' title='bbox 950 2601 1085 2673; x_wconf 87' lang='lat' dir='ltr'><strong>‘Nullae,</strong></span> <span class='ocrx_word' id='word_1_235' title='bbox 1110 2600 1192 2677; x_wconf 90' lang='lat' dir='ltr'><strong>quod</strong></span> 
     </span>
     <span class='ocr_line' id='line_1_26' title="bbox 150 2692 1235 2772; baseline -0.003 -18"><span class='ocrx_word' id='word_1_236' title='bbox 150 2693 257 2754; x_wconf 89' lang='lat' dir='ltr'><strong>sciam&#39;</strong></span> <span class='ocrx_word' id='word_1_237' title='bbox 289 2693 384 2771; x_wconf 90' lang='lat' dir='ltr'><strong>inquit</strong></span> <span class='ocrx_word' id='word_1_238' title='bbox 418 2693 488 2752; x_wconf 89' lang='lat' dir='ltr'><strong>‘sed</strong></span> <span class='ocrx_word' id='word_1_239' title='bbox 520 2692 569 2752; x_wconf 92' lang='lat' dir='ltr'><strong>hic</strong></span> <span class='ocrx_word' id='word_1_240' title='bbox 601 2692 706 2770; x_wconf 89' lang='lat' dir='ltr'><strong>piscari</strong></span> <span class='ocrx_word' id='word_1_241' title='bbox 739 2693 813 2754; x_wconf 93' lang='lat' dir='ltr'><strong>nulli</strong></span> <span class='ocrx_word' id='word_1_242' title='bbox 844 2695 958 2755; x_wconf 91' lang='lat' dir='ltr'><strong>solent:</strong></span> <span class='ocrx_word' id='word_1_243' title='bbox 997 2694 1096 2772; x_wconf 90' lang='lat' dir='ltr'><strong>itaque</strong></span> <span class='ocrx_word' id='word_1_244' title='bbox 1129 2696 1192 2756; x_wconf 91' lang='lat' dir='ltr'><strong>heri</strong></span> <span class='ocrx_word' id='word_1_245' title='bbox 1207 2718 1235 2766; x_wconf 88' lang='lat'><strong>²5</strong></span> 
     </span>
     <span class='ocr_line' id='line_1_27' title="bbox 401 2787 1194 2865; baseline 0.003 -17"><span class='ocrx_word' id='word_1_246' title='bbox 401 2789 527 2850; x_wconf 88' lang='lat' dir='ltr'><strong>mirabar</strong></span> <span class='ocrx_word' id='word_1_247' title='bbox 540 2789 613 2865; x_wconf 89' lang='lat' dir='ltr'><strong>quid</strong></span> <span class='ocrx_word' id='word_1_248' title='bbox 627 2789 798 2850; x_wconf 85' lang='lat' dir='ltr'><strong>accidisset&#39;</strong></span> <span class='ocrx_word' id='word_1_249' title='bbox 853 2792 899 2848; x_wconf 89' lang='lat'><strong>60.</strong></span> <span class='ocrx_word' id='word_1_250' title='bbox 942 2787 1124 2850; x_wconf 88' lang='lat' dir='ltr'><strong>Stomachari</strong></span> <span class='ocrx_word' id='word_1_251' title='bbox 1139 2791 1194 2850; x_wconf 88' lang='lat' dir='ltr'><strong>Ca·</strong></span> 
     </span>
    </p>
   </div>
   <div class='ocr_carea' id='block_1_3' title="bbox 149 2865 1192 2966">
    <p class='ocr_par' dir='ltr' id='par_1_3' title="bbox 149 2865 1192 2966">
     <span class='ocr_line' id='line_1_28' title="bbox 149 2865 1192 2966; baseline 0 -20"><span class='ocrx_word' id='word_1_252' title='bbox 149 2865 364 2966; x_wconf 54' lang='lat' dir='ltr'><strong>ffifflmsslss}</strong></span> <span class='ocrx_word' id='word_1_253' title='bbox 401 2887 544 2948; x_wconf 90' lang='lat' dir='ltr'><strong>nius:sed</strong></span> <span class='ocrx_word' id='word_1_254' title='bbox 554 2887 627 2966; x_wconf 92' lang='lat' dir='ltr'><strong>quid</strong></span> <span class='ocrx_word' id='word_1_255' title='bbox 638 2890 764 2948; x_wconf 83' lang='lat' dir='ltr'><strong>faceret?</strong></span> <span class='ocrx_word' id='word_1_256' title='bbox 777 2887 922 2947; x_wconf 91' lang='lat' dir='ltr'><strong>Nondum</strong></span> <span class='ocrx_word' id='word_1_257' title='bbox 931 2885 1192 2962; x_wconf 87' lang='lat' dir='ltr'><strong>enimC.Aquilius</strong></span> 
     </span>
    </p>
   </div>
   <div class='ocr_carea' id='block_1_4' title="bbox 149 2966 1192 3059">
    <p class='ocr_par' dir='ltr' id='par_1_4' title="bbox 149 2966 1192 3059">
     <span class='ocr_line' id='line_1_29' title="bbox 149 2966 1192 3059; baseline 0.001 -20"><span class='ocrx_word' id='word_1_258' title='bbox 149 2966 364 3058; x_wconf 47' lang='grc' dir='ltr'><strong>ξιῗῇζξξξξξξῇᾒῇξζ</strong></span> <span class='ocrx_word' id='word_1_259' title='bbox 401 2982 513 3059; x_wconf 87' lang='lat' dir='ltr'><strong>collega</strong></span> <span class='ocrx_word' id='word_1_260' title='bbox 532 2992 562 3042; x_wconf 93' lang='lat' dir='ltr'><strong>et</strong></span> <span class='ocrx_word' id='word_1_261' title='bbox 582 2981 729 3041; x_wconf 82' lang='lat' dir='ltr'><strong>familiaris</strong></span> <span class='ocrx_word' id='word_1_262' title='bbox 756 2999 840 3041; x_wconf 91' lang='lat' dir='ltr'><strong>meus</strong></span> <span class='ocrx_word' id='word_1_263' title='bbox 867 2981 1028 3056; x_wconf 91' lang='lat' dir='ltr'><strong>protulerat</strong></span> <span class='ocrx_word' id='word_1_264' title='bbox 1055 2980 1094 3039; x_wconf 92' lang='lat' dir='ltr'><strong>de</strong></span> <span class='ocrx_word' id='word_1_265' title='bbox 1122 2980 1192 3040; x_wconf 93' lang='lat' dir='ltr'><strong>dolo</strong></span> 
     </span>
    </p>
   </div>
   <div class='ocr_carea' id='block_1_5' title="bbox 149 3067 1193 3168">
    <p class='ocr_par' dir='ltr' id='par_1_5' title="bbox 149 3067 1193 3168">
     <span class='ocr_line' id='line_1_30' title="bbox 149 3067 1193 3168; baseline 0.008 -39"><span class='ocrx_word' id='word_1_266' title='bbox 149 3067 363 3168; x_wconf 43' lang='grc' dir='ltr'><strong>ἑξεῷοξπζξέῑοίὓξξ</strong></span> <span class='ocrx_word' id='word_1_267' title='bbox 400 3079 480 3138; x_wconf 89' lang='lat' dir='ltr'><strong>malo</strong></span> <span class='ocrx_word' id='word_1_268' title='bbox 494 3080 648 3138; x_wconf 82' lang='lat' dir='ltr'><strong>formulas:</strong></span> <span class='ocrx_word' id='word_1_269' title='bbox 670 3077 701 3137; x_wconf 92' lang='lat' dir='ltr'><strong>in</strong></span> <span class='ocrx_word' id='word_1_270' title='bbox 715 3077 821 3154; x_wconf 89' lang='lat' dir='ltr'><strong>quibus</strong></span> <span class='ocrx_word' id='word_1_271' title='bbox 835 3076 906 3153; x_wconf 90' lang='lat' dir='ltr'><strong>ipsis</strong></span> <span class='ocrx_word' id='word_1_272' title='bbox 920 3095 987 3135; x_wconf 90' lang='lat' dir='ltr'><strong>cum</strong></span> <span class='ocrx_word' id='word_1_273' title='bbox 1001 3096 1039 3136; x_wconf 82' lang='lat' dir='ltr'><strong>ex</strong></span> <span class='ocrx_word' id='word_1_274' title='bbox 1052 3096 1089 3137; x_wconf 91' lang='lat' dir='ltr'><strong>eo</strong></span> <span class='ocrx_word' id='word_1_275' title='bbox 1106 3096 1193 3154; x_wconf 92' lang='lat' dir='ltr'><strong>quae-</strong></span> 
     </span>
    </p>
   </div>
   <div class='ocr_carea' id='block_1_6' title="bbox 54 3167 1235 3735">
    <p class='ocr_par' dir='ltr' id='par_1_6' title="bbox 54 3167 1235 3735">
     <span class='ocr_line' id='line_1_31' title="bbox 54 3167 1235 3264; baseline -0.003 -31"><span class='ocrx_word' id='word_1_276' title='bbox 54 3254 57 3264; x_wconf 32' lang='grc' dir='ltr'>Ι</span> <span class='ocrx_word' id='word_1_277' title='bbox 150 3167 363 3258; x_wconf 44' lang='lat' dir='ltr'><strong>gellam?</strong></span> <span class='ocrx_word' id='word_1_278' title='bbox 385 3185 509 3234; x_wconf 62' lang='lat' dir='ltr'><strong>,reretur</strong></span> <span class='ocrx_word' id='word_1_279' title='bbox 534 3174 608 3251; x_wconf 89' lang='lat' dir='ltr'><strong>quid</strong></span> <span class='ocrx_word' id='word_1_280' title='bbox 635 3185 712 3234; x_wconf 91' lang='lat' dir='ltr'><strong>esset</strong></span> <span class='ocrx_word' id='word_1_281' title='bbox 739 3174 826 3233; x_wconf 93' lang='lat' dir='ltr'><strong>dolus</strong></span> <span class='ocrx_word' id='word_1_282' title='bbox 853 3174 956 3246; x_wconf 91' lang='lat' dir='ltr'><strong>malus,</strong></span> <span class='ocrx_word' id='word_1_283' title='bbox 985 3174 1190 3250; x_wconf 88' lang='lat' dir='ltr'><strong>respondebat,</strong></span> <span class='ocrx_word' id='word_1_284' title='bbox 1203 3196 1235 3244; x_wconf 82' lang='lat'><strong>30</strong></span> 
     </span>
     <span class='ocr_line' id='line_1_32' title="bbox 149 3267 1192 3350; baseline 0.002 -21"><span class='ocrx_word' id='word_1_285' title='bbox 149 3267 306 3318; x_wconf 50' lang='lat' dir='ltr'><strong>blt¹⁰j¹¹⁵fi⁰0</strong></span> <span class='ocrx_word' id='word_1_286' title='bbox 402 3289 470 3330; x_wconf 91' lang='lat' dir='ltr'><strong>cum</strong></span> <span class='ocrx_word' id='word_1_287' title='bbox 489 3283 566 3332; x_wconf 90' lang='lat' dir='ltr'><strong>esset</strong></span> <span class='ocrx_word' id='word_1_288' title='bbox 584 3271 665 3331; x_wconf 92' lang='lat' dir='ltr'><strong>aliud</strong></span> <span class='ocrx_word' id='word_1_289' title='bbox 683 3270 956 3350; x_wconf 88' lang='lat' dir='ltr'><strong>simulatum,aliud</strong></span> <span class='ocrx_word' id='word_1_290' title='bbox 970 3281 1077 3330; x_wconf 88' lang='lat' dir='ltr'><strong>actum.</strong></span> <span class='ocrx_word' id='word_1_291' title='bbox 1120 3274 1192 3331; x_wconf 93' lang='lat' dir='ltr'><strong>Hoc</strong></span> 
     </span>
     <span class='ocr_line' id='line_1_33' title="bbox 150 3366 1192 3445; baseline 0.002 -19"><span class='ocrx_word' id='word_1_292' title='bbox 150 3367 272 3444; x_wconf 90' lang='lat' dir='ltr'><strong>quidem</strong></span> <span class='ocrx_word' id='word_1_293' title='bbox 291 3386 361 3427; x_wconf 88' lang='lat' dir='ltr'><strong>sane</strong></span> <span class='ocrx_word' id='word_1_294' title='bbox 379 3369 535 3441; x_wconf 90' lang='lat' dir='ltr'><strong>luculente,</strong></span> <span class='ocrx_word' id='word_1_295' title='bbox 550 3379 583 3428; x_wconf 93' lang='lat' dir='ltr'><strong>ut</strong></span> <span class='ocrx_word' id='word_1_296' title='bbox 602 3368 639 3428; x_wconf 94' lang='lat' dir='ltr'><strong>ab</strong></span> <span class='ocrx_word' id='word_1_297' title='bbox 658 3366 779 3426; x_wconf 91' lang='lat' dir='ltr'><strong>homine</strong></span> <span class='ocrx_word' id='word_1_298' title='bbox 793 3366 888 3444; x_wconf 88' lang='lat' dir='ltr'><strong>perito</strong></span> <span class='ocrx_word' id='word_1_299' title='bbox 902 3366 1069 3426; x_wconf 85' lang='lat' dir='ltr'><strong>definiendi</strong></span> <span class='ocrx_word' id='word_1_300' title='bbox 1112 3369 1192 3445; x_wconf 90' lang='lat' dir='ltr'><strong>Ergo</strong></span> 
     </span>
     <span class='ocr_line' id='line_1_34' title="bbox 149 3460 1186 3543; baseline -0.003 -17"><span class='ocrx_word' id='word_1_301' title='bbox 149 3476 179 3526; x_wconf 92' lang='lat' dir='ltr'><strong>et</strong></span> <span class='ocrx_word' id='word_1_302' title='bbox 200 3465 321 3543; x_wconf 92' lang='lat' dir='ltr'><strong>Pythius</strong></span> <span class='ocrx_word' id='word_1_303' title='bbox 348 3473 378 3524; x_wconf 91' lang='lat' dir='ltr'><strong>et</strong></span> <span class='ocrx_word' id='word_1_304' title='bbox 399 3484 502 3525; x_wconf 90' lang='lat' dir='ltr'><strong>omnes</strong></span> <span class='ocrx_word' id='word_1_305' title='bbox 522 3463 603 3524; x_wconf 92' lang='lat' dir='ltr'><strong>aliud</strong></span> <span class='ocrx_word' id='word_1_306' title='bbox 630 3474 757 3540; x_wconf 86' lang='lat' dir='ltr'><strong>agentes,</strong></span> <span class='ocrx_word' id='word_1_307' title='bbox 780 3462 863 3522; x_wconf 89' lang='lat' dir='ltr'><strong>aliud</strong></span> <span class='ocrx_word' id='word_1_308' title='bbox 882 3460 1053 3522; x_wconf 90' lang='lat' dir='ltr'><strong>simulantes</strong></span> <span class='ocrx_word' id='word_1_309' title='bbox 1073 3464 1186 3539; x_wconf 90' lang='lat' dir='ltr'><strong>perfidi,</strong></span> 
     </span>
     <span class='ocr_line' id='line_1_35' title="bbox 149 3559 1191 3640; baseline 0 -18"><span class='ocrx_word' id='word_1_310' title='bbox 149 3562 284 3640; x_wconf 91' lang='lat' dir='ltr'><strong>improbi,</strong></span> <span class='ocrx_word' id='word_1_311' title='bbox 306 3561 452 3622; x_wconf 87' lang='lat' dir='ltr'><strong>malitiosi.</strong></span> <span class='ocrx_word' id='word_1_312' title='bbox 494 3563 618 3621; x_wconf 91' lang='lat' dir='ltr'><strong>Nullum</strong></span> <span class='ocrx_word' id='word_1_313' title='bbox 641 3560 729 3637; x_wconf 89' lang='lat' dir='ltr'><strong>igitur</strong></span> <span class='ocrx_word' id='word_1_314' title='bbox 749 3579 852 3621; x_wconf 92' lang='lat' dir='ltr'><strong>eorum</strong></span> <span class='ocrx_word' id='word_1_315' title='bbox 872 3561 983 3618; x_wconf 89' lang='lat' dir='ltr'><strong>sactum</strong></span> <span class='ocrx_word' id='word_1_316' title='bbox 1002 3571 1100 3636; x_wconf 88' lang='lat' dir='ltr'><strong>potest</strong></span> <span class='ocrx_word' id='word_1_317' title='bbox 1120 3559 1191 3622; x_wconf 88' lang='lat' dir='ltr'><strong>utile</strong></span> 
     </span>
     <span class='ocr_line' id='line_1_36' title="bbox 148 3658 1233 3735; baseline -0.004 -15"><span class='ocrx_word' id='word_1_318' title='bbox 148 3680 222 3733; x_wconf 90' lang='lat' dir='ltr'><strong>esse,</strong></span> <span class='ocrx_word' id='word_1_319' title='bbox 237 3680 305 3720; x_wconf 89' lang='lat' dir='ltr'><strong>cum</strong></span> <span class='ocrx_word' id='word_1_320' title='bbox 319 3660 357 3720; x_wconf 91' lang='lat' dir='ltr'><strong>sit</strong></span> <span class='ocrx_word' id='word_1_321' title='bbox 370 3670 415 3720; x_wconf 93' lang='lat' dir='ltr'><strong>tot</strong></span> <span class='ocrx_word' id='word_1_322' title='bbox 428 3658 504 3719; x_wconf 89' lang='lat' dir='ltr'><strong>vitiis</strong></span> <span class='ocrx_word' id='word_1_323' title='bbox 518 3658 712 3735; x_wconf 84' lang='lat' dir='ltr'><strong>inquinatum</strong></span> <span class='ocrx_word' id='word_1_324' title='bbox 1203 3677 1233 3725; x_wconf 80' lang='lat'><strong>35</strong></span> 
     </span>
    </p>
   </div>
   <div class='ocr_carea' id='block_1_7' title="bbox 18 3751 1192 3865">
    <p class='ocr_par' dir='ltr' id='par_1_7' title="bbox 18 3751 1192 3865">
     <span class='ocr_line' id='line_1_37' title="bbox 18 3751 1192 3865; baseline -0.023 -24"><span class='ocrx_word' id='word_1_325' title='bbox 18 3792 20 3796; x_wconf 56' lang='lat'><em>⁴</em></span> <span class='ocrx_word' id='word_1_326' title='bbox 77 3769 362 3865; x_wconf 49' lang='lat' dir='ltr'><strong>Xngg‘ngsfirgff</strong></span> <span class='ocrx_word' id='word_1_327' title='bbox 460 3759 507 3816; x_wconf 88' lang='lat'><strong>61.</strong></span> <span class='ocrx_word' id='word_1_328' title='bbox 553 3754 669 3831; x_wconf 88' lang='lat' dir='ltr'><strong>Quodsi</strong></span> <span class='ocrx_word' id='word_1_329' title='bbox 687 3753 847 3831; x_wconf 89' lang='lat' dir='ltr'><strong>Aquiliana</strong></span> <span class='ocrx_word' id='word_1_330' title='bbox 860 3751 993 3814; x_wconf 88' lang='lat' dir='ltr'><strong>definitio</strong></span> <span class='ocrx_word' id='word_1_331' title='bbox 1006 3772 1076 3812; x_wconf 87' lang='lat' dir='ltr'><strong>vera</strong></span> <span class='ocrx_word' id='word_1_332' title='bbox 1087 3764 1140 3826; x_wconf 94' lang='lat' dir='ltr'><strong>est,</strong></span> <span class='ocrx_word' id='word_1_333' title='bbox 1155 3773 1192 3814; x_wconf 84' lang='lat' dir='ltr'><strong>ex</strong></span> 
     </span>
    </p>
   </div>
   <div class='ocr_carea' id='block_1_8' title="bbox 125 3851 1194 3928">
    <p class='ocr_par' dir='ltr' id='par_1_8' title="bbox 125 3851 1194 3928">
     <span class='ocr_line' id='line_1_38' title="bbox 125 3851 1194 3928; baseline -0.007 -10"><span class='ocrx_word' id='word_1_334' title='bbox 125 3874 178 3908; x_wconf 56' lang='grc' dir='ltr'><strong>που·</strong></span> <span class='ocrx_word' id='word_1_335' title='bbox 390 3855 477 3918; x_wconf 88' lang='lat' dir='ltr'><strong>omni</strong></span> <span class='ocrx_word' id='word_1_336' title='bbox 487 3854 550 3919; x_wconf 84' lang='lat' dir='ltr'><strong>vita</strong></span> <span class='ocrx_word' id='word_1_337' title='bbox 562 3853 716 3919; x_wconf 88' lang='lat' dir='ltr'><strong>simulatio</strong></span> <span class='ocrx_word' id='word_1_338' title='bbox 728 3851 985 3928; x_wconf 73' lang='lat' dir='ltr'><strong>dissimulatioque</strong></span> <span class='ocrx_word' id='word_1_339' title='bbox 994 3851 1130 3910; x_wconf 75' lang='lat' dir='ltr'><strong>tollenda</strong></span> <span class='ocrx_word' id='word_1_340' title='bbox 1139 3863 1194 3910; x_wconf 60' lang='lat' dir='ltr'><strong>est,</strong></span> 
     </span>
    </p>
   </div>
   <div class='ocr_carea' id='block_1_9' title="bbox 0 0 1294 4184">
    <p class='ocr_par' dir='ltr' id='par_1_9' title="bbox 0 0 1294 4184">
     <span class='ocr_line' id='line_1_39' title="bbox 0 0 1294 4184; baseline 0 0"><span class='ocrx_word' id='word_1_341' title='bbox 0 0 1294 4184; x_wconf 95' lang='lat' dir='ltr'><strong> </strong></span> 
     </span>
    </p>
   </div>
  </div>
 </body>
</html>
