2580 4184
107 191 159 251 111
173 207 209 250 rx
224 184 277 271 39]
367 179 418 250 De
434 192 602 252 contentione
618 193 743 252 Ηοιιιςίἰ
760 200 788 252 et
815 195 903 256 Utilis
1098 216 1155 275 ¹09

107 399 323 444 ,mmmm
360 353 474 416 lacinus
497 354 582 430 inest,
604 355 694 416 etiam
717 356 743 416 si
764 359 804 419 ad
827 357 858 419 id
882 377 943 420 non
961 359 1156 437 pervenerint.

106 451 323 554 fflgzhrgffi
361 451 441 528 Ergo
456 469 493 512 ea
511 450 703 512 deliberanda
722 453 847 514 omnino
868 474 930 516 non
950 465 1028 529 sunt,
1043 454 1074 515 in
1096 455 1159 533 qui·

106 552 217 652 mim
250 552 323 653 ‘effi
359 544 417 606 bus
440 556 486 607 est
512 545 605 623 turpis
632 545 696 623 ipsa
719 547 900 608 deliberatio.
944 552 1044 626 Atque
1066 549 1158 610 etiam

105 653 326 754 fflffssffiffi
362 661 401 703 ex
427 642 510 704 omni
537 642 750 705 deliberatione
781 646 898 706 celandi
927 659 957 708 et
986 647 1157 709 occultandi

105 753 157 794 vta
166 753 277 823 maulay.
362 759 431 818 spes
461 739 624 816 opinioque
654 742 837 801 removenda
870 754 931 803 est:
973 744 1041 805 satis
1076 744 1158 805 enirn
1188 773 1202 826 5

105 802 323 905 nitiiyriiassm
361 835 456 910 nobis,
478 836 503 896 si
524 837 616 896 modo
637 835 668 895 iu
688 835 877 914 philosophia
900 839 1014 916 aliquid
1034 839 1159 918 profeci·

106 955 182 1012 mus,
211 955 385 1016 persuasum
405 952 471 994 esse
499 933 597 1005 debet,
620 931 645 993 si
666 952 770 994 omnes
801 936 875 996 deos
896 937 1092 1014 hominesque
1112 957 1159 998 ce·

106 1035 167 1096 lare
185 1033 334 1113 possimus
351 1031 425 1092 nihil
442 1042 543 1091 tamen
564 1049 651 1090 avare
676 1029 749 1090 nihil
770 1030 885 1106 iniuste,
905 1033 977 1096 n'dril
998 1034 1156 1096 libidinose

56 1152 93 1204 rx
107 1131 180 1192 nihil
208 1131 427 1192 incontinenter
453 1147 518 1189 esse
546 1127 724 1189 faciendum
789 1133 838 1205 38.
867 1130 950 1192 Hinc
978 1132 1027 1193 ille
1057 1135 1155 1211 Gyges

105 1227 258 1289 inducitur
277 1246 296 1287 a
317 1228 451 1298 Platone,
473 1222 534 1300 qui,
556 1243 626 1284 cum
646 1236 723 1285 terra
751 1224 935 1287 discessisset
955 1229 1069 1306 magnis
1091 1229 1153 1306 qui·
1173 1261 1203 1298 10

107 1325 234 1386 busdam
268 1321 419 1396 imbribus,
455 1319 610 1380 descendit
642 1319 674 1380 in
706 1321 788 1382 illum
823 1323 937 1384 hiatum
972 1329 1158 1403 aeneumque

108 1440 227 1499 equum,
259 1430 292 1480 ut
320 1422 418 1479 serunt
446 1417 572 1489 fabulae,
603 1416 817 1494 animadvertit,
847 1421 930 1482 cuius
959 1421 990 1482 in
1019 1423 1158 1484 lateribus

107 1520 184 1579 fores
197 1527 315 1578 essentr
335 1515 442 1593 quibus
461 1514 569 1591 apertis
591 1534 698 1593 corpus
717 1517 846 1579 hominis
866 1519 973 1580 mortui
992 1521 1065 1581 vidit
1080 1541 1159 1599 mag·

108 1615 243 1676 nitudine
273 1614 413 1675 inusitata
439 1614 621 1690 anulumque
652 1633 776 1675 aureum
809 1615 840 1676 in
873 1617 974 1696 digito,
1006 1637 1095 1694 quem
1123 1628 1156 1678 ut

109 1713 241 1788 detraxit,
263 1712 327 1791 ipse
347 1711 546 1772 induit-erat
566 1722 667 1771 autem
687 1711 783 1789 regius
803 1725 1024 1791 pastor-‚tum
1038 1715 1068 1774 in
1089 1734 1200 1794 con-15

108 1811 209 1872 cilium
230 1830 262 1871 se
282 1821 433 1888 pastorum
454 1807 573 1885 recepit.
617 1807 664 1869 Ibi
693 1828 763 1868 cum
791 1813 888 1888 palam
917 1811 980 1872 eius
1009 1811 1090 1872 anuli
1119 1812 1159 1871 ad

108 1909 238 1985 palmam
266 1916 458 1978 converterat,
484 1923 502 1964 a
531 1905 614 1965 nullo
642 1904 805 1979 videbatur,
836 1906 899 1983 ipse
928 1919 1027 1968 autem
1057 1908 1158 1968 omnia

107 2004 246 2065 videbat:
274 2002 356 2063 idem
384 2020 483 2062 rursus
510 2000 673 2074 videbatur,
695 2022 764 2061 cum
791 2002 822 2062 in
851 2006 950 2064 locum
974 2007 1094 2065 anulum
1116 2005 1159 2064 in·

107 2110 239 2162 verterat.
283 2101 389 2176 Itaque
418 2098 475 2157 hac
506 2097 725 2175 opportunitate
754 2099 835 2159 anuli
863 2120 933 2160 usus
953 2101 1070 2178 reginae
1100 2112 1158 2161 stu-

107 2217 193 2275 prum
214 2195 312 2256 intulit
332 2213 428 2272 eaque
448 2193 592 2255 adiutrice
615 2213 716 2272 regem
741 2196 897 2256 dominum
918 2196 1074 2272 interemit,
1098 2217 1158 2258 sus·
1171 2232 1203 2268 20

108 2294 174 2355 tulit
203 2313 279 2371 quos
308 2292 426 2354 obstare
454 2291 654 2366 arbitrabatur,
677 2310 733 2353 nec
754 2292 785 2353 in
806 2293 851 2354 his
880 2314 948 2354 eum
978 2295 1157 2356 facinoribus

108 2390 264 2469 quisquam
284 2389 380 2468 potuit
404 2388 511 2450 videre
558 2388 607 2450 Sic
631 2401 752 2466 repente
772 2391 853 2450 anuli
873 2392 1018 2452 beneficio
1039 2413 1090 2454 rex
1110 2412 1159 2453 ex-

109 2500 189 2549 ortus
221 2498 265 2548 est
296 2485 416 2564 Lydiae.
474 2487 567 2544 Hunc
597 2484 685 2563 igitur
714 2486 811 2564 ipsum
841 2491 963 2549 anulum
995 2488 1019 2549 si
1050 2490 1158 2550 habeat

108 2584 234 2662 sapiens,
256 2582 347 2643 nihilo
369 2583 436 2658 plus
452 2581 508 2642 sibi
538 2581 626 2642 licere
656 2595 740 2660 putet
769 2604 902 2662 peccare,
921 2606 1011 2663 quam
1039 2587 1064 2648 si
1095 2607 1157 2648 non

107 2685 235 2745 haberet
282 2683 420 2740 Honesta
440 2679 521 2740 enim
542 2679 629 2741 bonis
648 2680 725 2755 viris,
748 2701 809 2742 non
830 2685 947 2744 occulta
967 2697 1154 2762 quaeruntur.
1172 2715 1202 2766 25

107 2799 154 2856 39.
197 2780 297 2854 Atque
326 2776 384 2835 hoc
413 2777 481 2835 loco
510 2775 680 2852 philosophi
709 2777 840 2853 quidam,
864 2778 987 2841 minime
1018 2782 1087 2841 mali
1116 2781 1158 2842 illi

107 2875 228 2953 quidem
249 2874 303 2934 sed
324 2871 476 2932 nonsatis
497 2871 584 2945 acuti,
600 2873 699 2932 fictam
718 2885 748 2934 et
768 2875 1007 2936 commenticiam
1028 2879 1158 2939 fabulam

107 2973 253 3050 prolatam
273 2968 377 3030 dicunt
391 2988 408 3028 a
423 2970 556 3042 Platone,
572 2968 657 3046 quasi
677 2989 747 3030 vero
768 2969 817 3030 ille
838 2983 888 3032 aut
909 2974 1018 3034 factum
1040 2975 1072 3035 id
1092 2994 1157 3036 esse

108 3079 159 3129 aut
178 3066 241 3127 fieri
261 3063 394 3144 potuisse
415 3065 563 3125 defendat.
608 3067 696 3126 Haec
714 3078 759 3126 est
772 3067 816 3126 vis
830 3067 917 3128 huius
931 3070 1012 3129 anuli
1027 3082 1056 3131 et
1070 3071 1158 3132 huius

109 3163 253 3241 exempli:
274 3161 299 3222 si
321 3181 410 3222 nemo
432 3160 566 3234 sciturus,
582 3181 726 3223 nemone
745 3163 943 3240 suspicaturus
966 3167 1088 3243 quidem
1111 3168 1156 3241 sit,
1171 3204 1203 3253 30

108 3281 178 3321 cum
199 3257 311 3336 aliquid
330 3257 497 3318 divitiarum
514 3257 673 3335 potentiae,
690 3259 902 3321 dominationis
920 3261 1050 3323 libidinis
1069 3283 1159 3324 causa

109 3356 220 3430 leceris,
242 3355 267 3417 si
288 3354 320 3416 id
340 3354 386 3414 dis
407 3353 638 3430 hominibusque
662 3357 791 3415 futurum
816 3356 853 3416 sit
877 3375 994 3435 semper
1013 3359 1157 3437 ignotum,

109 3457 187 3519 sisne
208 3457 356 3516 facturus?
395 3456 514 3532 Negant
528 3453 560 3514 id
573 3454 636 3514 fieri
650 3474 744 3532 posse.
789 3458 988 3534 Nequaquam
1008 3471 1106 3536 potest
1127 3460 1159 3521 id

162 3623 193 3669 ¹4
214 3605 339 3656 invisitata
360 3606 401 3656 Ba
420 3607 487 3656 Mu:
507 3606 581 3671 vulgo
599 3606 717 3657 inusitata
749 3611 759 3666 ll
792 3622 823 3670 24
845 3607 924 3657 nihilo
943 3608 999 3672 plus
1018 3610 1060 3658 Ba
1078 3613 1159 3665 Heine

111 3689 160 3739 Mu
181 3703 237 3737 cum
259 3703 310 3736 uno
331 3687 380 3736 cod.
414 3691 424 3746 11
456 3687 529 3737 verba
551 3703 654 3752 peccare
675 3703 751 3752 quam
772 3688 793 3739 si
815 3703 866 3736 non
885 3686 989 3738 haberet
1009 3689 1160 3743 secluserunt

111 3772 153 3820 Ba
167 3771 208 3819 Lu
225 3775 323 3818 auctore
340 3768 470 3833 Madvr'gio
502 3772 511 3827 {t
546 3783 576 3832 33
592 3783 749 3834 nequaquam
768 3769 839 3817 Facc.
858 3768 928 3817 Em.
947 3769 988 3817 Ba
1006 3770 1089 3822 Heine
1104 3781 1158 3839 post

108 3850 262 3909 Manum,
277 3863 428 3914 quamquam
443 3849 482 3901 Or
490 3851 523 3901 Sl
531 3851 573 3902 Zu
583 3851 626 3914 Lu
636 3867 693 3903 cum
706 3849 774 3903 codd.
