2580 4184
148 160 204 219 128
398 162 449 220 De
467 161 636 220 contentione
655 159 782 219 Honesti
797 165 826 219 ot
851 159 939 219 ths’s
979 155 1043 238 [III
1058 173 1141 216 xxm
1157 176 1193 232 91

144 340 308 406 anteponet
328 329 415 389 saluti
434 329 544 406 patris.²
585 349 632 406 91.
657 327 780 404 Quaerit
801 327 900 400 etiam,
917 326 955 387 ‘si
976 325 1094 403 sapiens
1114 328 1196 387 adul-

144 426 254 487 terinos
268 445 406 486 nummos
420 425 567 503 acceperit
580 425 754 502 imprudens
762 444 816 502 pro
825 423 921 496 bonis,
933 443 1002 483 cum
1013 423 1045 483 id
1055 423 1193 496 rescierit,

144 524 332 583 soluturusne
353 522 391 582 sit
411 542 472 595 eos,
495 522 520 582 si
540 522 589 582 cui
609 522 726 594 debeat,
748 541 804 598 pro
824 521 929 580 bouis.’
972 520 1124 598 Diogenes
1145 520 1194 594 ait,

143 619 300 696 Antipater
326 630 423 696 negat,
451 619 500 678 cui
527 618 626 697 potius
653 616 924 693 assentior-‘Qui
950 615 1053 676 vinum
1080 617 1195 694 fugiens

144 717 256 776 vendat
269 714 374 789 sciens,
385 716 532 777 debeatne
546 715 675 776 dicere?'
698 718 784 774 ‘Non
797 715 927 774 necesse’
936 724 1021 790 putat
1031 713 1192 790 Diogenes,
1225 733 1239 780 5

143 811 301 888 Antipater
316 811 382 872 ‘viri
402 811 485 873 boni’
500 811 654 872 existimat
699 813 787 870 Haec
809 821 877 870 sunt
898 811 983 887 quasi
1003 821 1193 870 controversa

143 906 208 967 iura
221 909 396 968 Stoicorum.
441 911 491 968 ‘Iu
505 907 656 985 mancipio
673 908 836 967 vendundo
852 906 1020 968 dicendane
1034 907 1113 981 vitia,
1129 928 1192 969 nou

145 1023 189 1077 ea,
212 1024 289 1081 quae
316 1004 373 1064 nisi
393 1004 510 1077 dixeris,
532 1004 723 1065 redhibeatur
743 1002 926 1081 mancipium
946 1003 1010 1064 iure
1029 1004 1116 1077 civili,
1139 1006 1193 1066 sed

144 1101 228 1173 haec,
250 1102 427 1161 mendacem
447 1120 520 1173 esse,
540 1102 709 1174 aleatorem,
730 1102 870 1174 furacem,
892 1099 1059 1161 ebriosum!
1099 1102 1192 1162 Alteri

144 1197 275 1258 dicenda
297 1197 443 1271 videntur,
469 1196 551 1258 alteri
574 1216 637 1257 non
660 1196 805 1257 videntur.
849 1215 895 1272 92.
928 1196 972 1256 ‘si
999 1195 1065 1273 quis
1089 1216 1192 1256 aumm
1209 1225 1238 1258 10

142 1295 278 1354 vendens
298 1293 479 1354 orichalcum
497 1313 530 1354 se
549 1304 634 1371 putet
653 1293 791 1366 vendere,
812 1291 962 1353 indicetne
983 1292 1011 1353 ei
1031 1293 1192 1353 virbonus

143 1408 248 1449 aurum
269 1389 343 1449 illud
364 1409 436 1463 esse,
452 1409 491 1448 an
512 1401 591 1449 emat
612 1388 734 1450 denario
756 1390 839 1467 quod
858 1389 896 1449 sit
916 1389 998 1449 mille
1019 1388 1191 1449 denarium!

144 1485 338 1562 Perspicuum
352 1497 397 1546 est
411 1485 469 1545 iam
489 1497 519 1545 et
533 1485 607 1562 quid
627 1484 699 1544 mihi
713 1484 849 1545 videatur
861 1497 891 1545 et
905 1505 981 1563 quae
995 1485 1033 1545 sit
1050 1484 1127 1545 inter
1139 1505 1191 1546 eos

142 1581 346 1659 philosophos,
362 1601 437 1660 quos
452 1580 613 1655 nominavi,
628 1580 836 1641 controversia.

39 1687 131 1739 XXIV
454 1680 545 1737 Pacta
565 1688 596 1737 et
616 1677 761 1754 promissa
781 1696 936 1754 semperne
956 1678 1102 1738 servanda
1122 1677 1189 1752 sint,
1206 1706 1234 1754 15

167 1732 271 1773 Whether
296 1733 355 1774 Pro·

141 1784 225 1886 ¹3¹¹}ssss
234 1784 356 1875 affitssaegtj
395 1792 476 1847 Qvna
488 1791 551 1834 nnc
560 1791 592 1834 vr
604 1791 667 1834 nac
676 1754 759 1833 norb
770 1791 866 1847 msto,
878 1785 911 1837 ut
922 1785 1072 1850 praetores
1082 1777 1187 1847 solent,

142 1885 356 1944 torted,brs0rceor
395 1889 493 1932 FACTA
513 1869 669 1930 sna-Si
690 1870 756 1947 quis
780 1869 1032 1930 medicamentum
1060 1869 1189 1946 c'uipium

140 1934 354 2037 iiihd'niindiocjiiif
393 1966 508 2029 dederit
534 1967 575 2026 ad
601 1985 709 2042 aquam
731 1966 907 2026 intercutem
927 1966 1139 2044 pepigeritque,
1165 1966 1190 2026 si

142 2034 256 2077 “mm‘'
392 2082 429 2124 eo
443 2062 661 2123 medicamento
672 2081 760 2122 sanus
774 2063 869 2122 sactus
883 2074 1019 2137 essetne
1033 2063 1085 2123 illo
1096 2063 1189 2123 medi-

142 2170 280 2220 camento
299 2180 443 2237 umquam
463 2172 568 2238 postea
589 2170 726 2232 uteretur,
748 2159 774 2220 si
794 2179 831 2220 eo
858 2159 1077 2221 medicamento
1098 2179 1187 2221 sanus
1199 2187 1232 2223 20

140 2261 234 2320 factus
255 2260 293 2320 sit
312 2271 343 2319 et
363 2257 448 2318 annis
468 2257 582 2334 aliquot
602 2268 671 2334 post
691 2257 827 2318 inciderit
847 2256 878 2316 in
899 2259 1028 2318 eundem
1048 2258 1186 2318 morbum

140 2374 197 2415 nec
224 2357 263 2415 ab
290 2374 336 2426 e0,
365 2353 487 2430 quicum
508 2352 668 2431 pepigerat,
690 2352 829 2431 impetret
853 2364 886 2414 ut
908 2353 1014 2414 itemm
1034 2374 1071 2416 eo
1099 2355 1185 2415 liceat

139 2451 191 2525 uti,
219 2452 293 2528 quid
326 2451 495 2511 faciendum
522 2448 567 2511 sit
611 2452 689 2511 Cum
716 2449 753 2510 sit
780 2450 805 2510 is
832 2450 1019 2524 inhumanus,
1044 2450 1096 2528 qui
1123 2470 1185 2511 non

139 2549 294 2620 concedat,
306 2567 363 2607 nec
374 2547 401 2607 ei
412 2546 571 2624 quicquam
585 2547 636 2606 fiat
650 2544 780 2618 iniuriae,
795 2546 873 2607 vitae
887 2558 917 2607 et
931 2547 1017 2606 saluti
1030 2550 1185 2608 consulen-

139 2646 311 2721 dum-93.
355 2644 456 2721 Quid?
476 2643 501 2704 si
517 2642 569 2720 qui
585 2642 703 2721 sapiens
723 2654 842 2722 rogatus
865 2642 903 2704 sit
923 2644 961 2704 ab
983 2663 1027 2718 eo,
1044 2644 1096 2722 qui
1114 2665 1183 2706 eum
1197 2669 1227 2718 ²5

139 2742 280 2802 heredem
293 2740 389 2814 faciat,
405 2760 475 2800 cum
489 2740 517 2800 ei
530 2751 708 2801 testamento
725 2740 890 2802 sestertium
908 2740 1024 2801 miliens
1040 2740 1184 2818 relinqua-

139 2847 194 2910 tur,
210 2849 243 2898 ut
256 2849 325 2898 ante
339 2857 429 2915 quam
443 2836 637 2897 hereditatem
651 2838 747 2910 adeat,
762 2838 828 2897 luce
846 2838 945 2914 palam
964 2836 995 2896 in
1008 2839 1073 2897 soro
1087 2840 1181 2912 saltet,

139 2931 229 3008 idque
243 2953 275 2994 se
288 2936 432 2994 facturum
449 2932 623 3011 promiserit,
639 2933 722 3009 quod
742 2932 825 2993 aliter
845 2934 986 2993 heredem
1007 2953 1075 2993 eum
1096 2935 1184 3012 scrip·

138 3037 219 3088 turus
233 3029 283 3089 ille
297 3049 358 3090 non
373 3040 458 3103 esset,
474 3027 562 3088 faciat
575 3030 658 3106 quod
671 3028 836 3106 promiserit
849 3031 963 3089 necne?
1008 3026 1181 3088 Promisisse

138 3126 249 3184 nollem
269 3137 299 3186 et
319 3125 351 3185 id
371 3126 496 3186 arbitror
515 3124 604 3185 fuisse
631 3123 796 3202 gravitatis:
824 3124 965 3203 quoniam
992 3125 1134 3203 promisit,
1156 3128 1180 3186 si
1194 3154 1226 3202 3³

138 3222 242 3281 saltare
262 3221 294 3282 in
314 3224 377 3283 foro
398 3235 483 3300 turpe
508 3224 605 3294 ducet,
627 3221 781 3282 honestius
808 3222 975 3297 mentietur,
997 3225 1022 3283 si
1043 3243 1080 3283 ex
1099 3225 1181 3283 here·

137 3318 229 3379 ditate
242 3319 316 3379 nihil
329 3319 441 3397 ceperit
454 3338 544 3396 quam
559 3318 584 3378 si
597 3317 716 3395 ceperit,
732 3316 789 3377 nisi
806 3319 882 3379 forte
896 3339 962 3379 eam
975 3319 1134 3397 pecuniam
1148 3320 1179 3378 in

136 3412 179 3474 rei
192 3413 328 3491 publicae
342 3434 482 3491 magnum
500 3414 623 3490 aliquod
641 3424 760 3490 tempus
778 3413 942 3486 contulerit,
956 3426 989 3475 ut
1003 3416 1050 3475 vel
1064 3416 1177 3486 saltare,

45 3515 123 3566 xxv
136 3530 205 3571 cum
224 3511 336 3589 patriae
356 3513 543 3572 consulturus
564 3510 609 3586 sit,
631 3521 716 3588 turpe
737 3531 799 3572 non
826 3512 871 3573 sit
914 3531 961 3588 94
990 3515 1037 3572 Ac
1063 3530 1102 3571 ue
1128 3512 1178 3570 illa

180 3765 336 3812 uenenum
348 3751 508 3817 fugieuscum
519 3750 644 3817 plcn'sqm
658 3751 725 3801 codd.
742 3749 994 3816 StpostLambinum
1029 3754 1039 3808 ll
1069 3765 1099 3801 aa
1117 3751 1176 3799 item

114 3833 170 3877 tora
179 3831 340 3882 ἄκανθαν.
355 3849 377 3883 c.
411 3838 426 3896 l}
460 3834 492 3886 28
508 3833 664 3902 promisisset
679 3834 721 3885 Bo
732 3834 822 3891 Heine.
831 3832 974 3900 promisisse
983 3831 1048 3880 codd.
