2580 4184
68 205 105 246 10
294 185 346 244 De
362 183 477 244 sectando
496 183 583 261 officii
591 183 676 260 sonte
693 183 753 242 sive
770 181 891 243 Iustitia
974 179 1003 264 [Ι
1017 199 1062 242 vn
1078 201 1117 242 20

66 381 173 439 operae
187 380 333 437 curaeque
347 370 482 438 ponetur,
498 359 530 419 id
549 359 611 420 iure
625 358 801 432 laudabitur,
818 357 895 418 utin
909 357 1067 436 astrologia
1081 359 1116 420 C.

66 457 229 534 Sulpicium
249 456 424 530 audivimus,
439 455 470 515 in
491 455 653 546 geometria
666 458 732 516 Sex.
748 453 997 550 Pompeiumyipsi
1010 474 1119 532 cogno

66 551 171 625 vimus,
186 553 295 612 multos
314 551 345 611 in
366 550 536 624 dialecticis,
552 553 649 628 plures
668 549 700 610 in
719 550 781 611 iure
800 549 898 610 civili:
918 569 995 627 quae
1013 569 1118 611 omnes

66 660 141 709 artes
156 647 187 707 in
200 648 261 708 veri
275 647 498 724 investigatione
507 658 667 721 versantur,
678 646 762 707 cuius
774 646 872 707 studio
886 666 905 706 a
917 648 1005 707 rebus
1018 666 1119 724 geren·
1149 657 1152 667 '

66 744 113 804 dis
126 743 235 804 abduci
249 756 352 804 contra
365 743 496 804 officium
509 755 561 805 est.
604 743 729 806 Virtutis
743 742 822 804 enim
837 745 901 803 laus
915 743 1012 804 omnis
1026 743 1058 804 in
1071 763 1119 803 ac·
1146 773 1160 822 5

66 840 148 901 tione
162 839 303 913 consistit,
318 860 337 899 a
350 860 410 917 qua
418 852 517 901 tamen
528 842 560 900 fit
571 839 748 900 intermissio
758 858 846 916 saepe
855 839 999 917 multique
1010 841 1119 901 dantur

66 938 106 997 ad
119 936 217 997 studia
229 937 359 1011 reditus;
379 948 443 998 tum
457 936 577 1014 agitatio
591 935 707 1010 mentis,
720 955 796 1013 quae
810 955 973 1012 numquam
983 935 1119 1014 adquies-

42 1058 47 1078 ι
66 1033 115 1107 cit,
131 1044 228 1110 potest
242 1053 297 1094 nos
311 1033 342 1093 in
356 1033 460 1094 studiis
473 1032 650 1110 cognitionis
664 1032 754 1093 etiarn
765 1031 828 1093 sine
839 1052 929 1109 opera
939 1044 1039 1094 nostra
1049 1052 1119 1094 con-

66 1128 167 1190 tinere.
211 1129 317 1190 Omnis
331 1141 430 1190 autem
445 1129 583 1207 cogitatio
597 1139 755 1206 motusque
769 1128 860 1188 animi
874 1128 969 1188 autin
987 1128 1118 1190 consiliis

67 1225 220 1303 capiendis
239 1227 277 1288 de
298 1229 386 1286 rebus
402 1225 534 1286 honestis
554 1234 583 1286 et
598 1223 813 1302 pertinentibus
827 1225 867 1284 ad
881 1227 957 1285 bene
971 1226 1118 1302 beateque
1132 1252 1161 1288 10

66 1322 227 1382 vivendum
250 1333 301 1381 aut
328 1321 359 1381 in
384 1321 488 1382 studiis
514 1320 655 1406 scientiae
683 1319 919 1398 cognitionisque
946 1320 1115 1381 versabitur.

67 1420 165 1480 Aede
180 1417 412 1495 primoquidem
427 1417 515 1478 officii
528 1419 610 1477 fonte
625 1415 759 1477 diximus.

27 1529 53 1577 11
68 1536 102 1578 or
117 1536 161 1578 the
180 1535 280 1577 second
381 1535 426 1572 20.
469 1517 516 1574 De
531 1513 622 1574 tribus
636 1524 736 1574 autem
750 1512 869 1590 reliquis
882 1512 1022 1574 latissime
1036 1523 1119 1591 patet

68 1586 279 1631 emanaturum
319 1632 355 1674 ea
375 1611 449 1672 ratio
470 1632 528 1689 qua
552 1611 676 1672 societas
704 1611 860 1672 hominum
885 1611 960 1672 inter
987 1611 1067 1688 ipsos
1088 1623 1119 1672 et

93 1676 130 1763 eq.
137 1675 256 1762 avg-ibba
318 1706 396 1766 vitae
417 1706 500 1782 quasi
521 1706 716 1766 communitas
732 1706 907 1781 continetur,
923 1706 1006 1767 cuius
1021 1718 1118 1783 partes
1133 1724 1161 1776 15

92 1789 272 1894 Tfflffisssii
320 1806 397 1865 duae
408 1825 417 1879 3
437 1803 584 1877 iustitia,
620 1803 651 1862 in
679 1823 739 1879 qua
765 1803 878 1864 virtutis
906 1815 950 1864 est
978 1806 1120 1882 splendor

89 1891 267 1982 Bmssncdmg
319 1901 473 1974 maximus
489 1921 525 1961 ex
539 1921 597 1978 qua
617 1900 670 1960 viri
690 1901 763 1960 boni
783 1901 981 1975 nominantur,
997 1913 1027 1961 et
1047 1901 1119 1961 huic

318 1996 478 2057 coniuncta
510 1996 766 2069 beneficentia,
796 2016 887 2072 quam
914 2001 1042 2060 eandem
1069 2003 1118 2062 vel

92 2089 251 2182 ffiffifffiff
318 2093 531 2170 benignitatem
545 2095 592 2153 vel
607 2092 811 2153 liberalitatem
825 2095 965 2170 appellari
979 2096 1055 2156 licet

119 2193 201 2239 sno-t
211 2206 242 2240 ⁴¹·
379 2192 440 2252 Sed
460 2190 618 2251 iustitiae
639 2189 767 2267 primum
781 2210 888 2251 munus
902 2203 955 2267 est,
970 2205 1003 2253 ut
1016 2213 1055 2254 ne
1069 2193 1118 2255 cui
1131 2218 1162 2254 20

100 2265 259 2316 ltsfirstdury;
361 2287 368 2300 ·
568 2287 600 2300 ..
726 2287 732 2299 .
811 2287 849 2300 ..
887 2288 893 2300 .
988 2290 995 2302 .

99 2316 141 2356 ··0
177 2315 213 2356 d,
252 2327 288 2354 „0
318 2308 384 2364 quis
412 2298 518 2348 noceat
546 2307 602 2347 nrsr
629 2289 782 2347 lacessitus
809 2308 921 2363 iniuria,
948 2291 1057 2352 deinde
1085 2304 1119 2353 ut

73 2374 288 2467 {Jssssigmss‘fffp‘
317 2384 526 2444 communibus
546 2403 601 2461 pro
628 2384 837 2445 communibus
864 2397 969 2461 utatur,
997 2387 1118 2465 privatis

67 2494 100 2541 ut
121 2480 188 2542 suis.
233 2500 280 2539 21.
322 2483 396 2542 Sunt
416 2492 516 2540 autern
534 2480 647 2557 privata
664 2482 744 2540 nulla
761 2492 872 2556 natura,
888 2485 942 2545 sed
956 2496 1006 2544 aut
1019 2496 1119 2547 vetere

67 2576 270 2654 occupatione,
292 2588 325 2637 ut
346 2576 397 2653 qui
410 2577 563 2654 quondam
585 2576 617 2635 in
637 2577 731 2636 vacua
747 2589 899 2652 venemnt,
920 2590 971 2640 aut
986 2579 1117 2656 victoria,

68 2685 101 2734 ut
119 2673 170 2750 qui
188 2675 267 2735 bello
285 2672 373 2749 potiti
390 2683 468 2745 sunt,
488 2683 539 2732 aut
553 2673 627 2750 lege,
645 2672 792 2750 pactione,
812 2674 998 2749 condicione,
1019 2689 1098 2738 sorte
1111 2701 1118 2738 :
1131 2702 1161 2753 25

68 2791 105 2830 ex
133 2789 193 2846 quo
220 2771 252 2828 fit
279 2779 312 2828 ut
339 2788 408 2846 ager
430 2768 558 2866 llrpinas
579 2768 767 2846 Arpinatium
788 2770 910 2845 dicatur,
931 2774 1119 2833 Tusculanus

67 2867 315 2934 Tusculanorum,
363 2865 524 2941 similisque
552 2876 596 2926 est
617 2866 795 2943 privatarum
822 2867 1042 2944 possessionum
1078 2868 1122 2931 di:

68 2961 195 3039 scriptio.
239 2964 285 3022 Ex
303 2981 372 3039 quo,
388 2961 459 3039 quia
479 2979 565 3021 suum
586 2962 728 3038 cuiusque
748 2964 780 3022 fit
800 2981 1000 3041 eorumquae
1016 2976 1121 3029 natura

67 3061 182 3119 fuerant
208 3058 388 3132 communia,
418 3059 501 3135 quod
529 3057 637 3134 cuique
661 3057 775 3135 optigit,
797 3057 829 3119 id
856 3058 981 3137 quisque
1001 3071 1120 3122 teneat:

69 3171 106 3211 eo
127 3152 194 3227 plus
219 3149 244 3208 si
264 3150 330 3225 quis
352 3149 409 3208 sibi
431 3159 561 3225 appetet,
579 3149 702 3207 violabit
724 3147 768 3207 ius
790 3151 937 3234 humaprae
958 3147 1114 3207 societatis.
1133 3184 1164 3232 30

70 3267 115 3305 22.
158 3247 218 3307 Sed
240 3244 389 3321 quoniam,
412 3256 445 3304 ut
466 3247 613 3320 praeclare
636 3245 777 3320 scriptum
800 3257 844 3304 est
864 3265 883 3303 a
901 3246 1033 3315 Platone,
1054 3261 1117 3302 non

68 3340 154 3401 nobis
169 3342 265 3401 solum
279 3338 340 3398 nati
354 3358 454 3398 sumus
469 3351 608 3414 ortusque
624 3339 716 3398 nostri
735 3351 850 3416 partem
870 3341 963 3416 patria
976 3338 1115 3411 vindieat,

68 3448 181 3513 partem
195 3435 293 3509 amici,
307 3447 406 3512 atque,
422 3448 454 3494 ut
472 3438 570 3512 placet
589 3435 704 3508 Stoicis
722 3456 799 3512 quae
818 3436 848 3495 in
864 3439 946 3497 terris
959 3436 1117 3513 gignantur

118 3612 132 3645 2
156 3595 269 3644 audimus
289 3596 396 3644 Orcum
413 3594 483 3642 duob.
505 3595 570 3644 codd.
607 3598 617 3653 ΙΙ
652 3594 839 3658 8cogitationis
855 3596 927 3658 augo
960 3599 970 3653 ΙΙ
1007 3593 1037 3644 16
1053 3596 1117 3646 duae

69 3675 147 3736 [sunt]
166 3677 204 3725 Or
211 3691 221 3732 ;
242 3677 307 3725 duae
325 3683 381 3723 sunt
403 3675 445 3723 Ba
467 3675 519 3723 Hei
535 3677 584 3734 Lu,
605 3677 669 3724 duae
690 3678 800 3725 BHbMu
834 3681 844 3736 ΙΙ
879 3688 909 3738 27
931 3677 1059 3742 discriptio
1080 3681 1116 3728 B:

69 3756 201 3820 descriptio
219 3759 273 3805 ΗΜ
306 3760 317 3816 ΙΙ
351 3772 382 3820 30
399 3772 429 3806 eo
447 3755 528 3820 siqui
546 3756 593 3805 sibi
611 3758 668 3821 plus
689 3759 733 3816 Or,
752 3775 766 3809 e
784 3759 923 3824 quo...plus
939 3759 996 3818 alii,
1012 3775 1043 3809 eo
1060 3760 1117 3826 plus

54 3849 116 3879 mm
122 3837 189 3881 Msa
