2580 4184
135 176 191 235 118
386 176 436 236 De
452 177 622 238 contcnnbne
638 179 767 239 Honesti
783 188 812 240 ct
836 181 925 243 Utilis
1003 178 1070 263 [ΙΙΙ
1084 200 1127 243 xv
1141 185 1182 258 64

132 351 230 402 turum
249 341 420 419 compendii
439 341 486 403 sui
506 364 604 419 causa,
620 346 702 422 quod
723 365 785 406 non
799 347 895 407 liceat
939 346 1022 407 Huic
1042 366 1099 409 nec
1118 349 1183 410 laus

132 457 239 516 magna
251 437 408 500 tribuenda
422 459 479 501 nec
492 440 585 518 gratia
598 452 652 502 est.
696 444 744 516 64.
786 443 847 504 Sed
866 442 927 503 sive
946 454 976 504 et
990 442 1138 505 simulatio
1151 456 1182 506 et

133 536 327 598 dissimulatio
342 538 429 598 dolus
443 538 539 597 malus
552 547 606 611 est,
621 557 787 615 perpaucae
800 559 846 599 res
861 549 937 614 sunt,
953 538 984 599 in
999 539 1106 617 quibus
1120 561 1182 603 non

132 634 219 695 dolus
233 635 328 694 malus
341 633 396 695 iste
407 645 538 695 versetur
542 655 552 709 3
569 634 630 696 sive
644 634 797 696 virbonus
812 646 857 696 est
870 635 904 709 is,
919 635 971 713 qui
984 637 1105 713 prodest
1119 639 1182 715 qui-

132 731 188 792 bus
201 742 307 808 potest,
323 741 412 791 nocet
426 731 547 806 nemini,
563 743 643 793 certe
662 731 752 793 istum
769 732 864 793 virum
883 734 997 794 bonum
1015 753 1077 795 non
1095 735 1181 798 facile
1209 768 1224 818 5

131 827 299 905 reperimus
341 830 515 906 Numquam
528 841 574 890 est
587 829 674 908 igitur
686 830 758 892 utile
771 850 903 908 peccare,
919 831 989 910 quia
1007 852 1123 912 semper
1136 847 1181 896 est

132 935 225 1001 turpe,
241 934 271 984 et
291 923 362 1001 quia
379 943 495 1004 semper
508 937 553 986 est
567 928 727 988 honestum
740 926 835 1010 virum
849 928 963 990 bonum
976 949 1051 1005 esse,
1064 949 1181 1009 semper

132 1028 177 1080 est
190 1017 268 1079 utile

54 1145 120 1197 XV1
158 1161 244 1205 sem„
276 1176 346 1205 exam·
444 1122 495 1198 65.
535 1123 582 1181 Ac
602 1121 641 1181 de
661 1119 725 1182 iure
745 1120 868 1200 quidem
887 1122 1075 1200 praediorum
1096 1143 1179 1184 sanc-

131 1213 348 1306 {fficifuffiffiffflssfflg
384 1224 447 1276 tum
460 1218 541 1294 apud
555 1237 610 1278 nos
623 1228 668 1278 est
682 1217 744 1280 iure
758 1218 844 1292 civili,
859 1231 892 1280 ut
910 1219 941 1280 in
959 1220 995 1281 iis
1013 1220 1178 1282 vendendis
1193 1252 1223 1288 10

71 1325 74 1332 ·
131 1313 347 1404 paulawsarainst
383 1308 455 1370 vitia
482 1309 657 1384 dicerentur,
686 1330 763 1388 quae
796 1325 869 1372 nota
895 1323 994 1374 essent
1021 1313 1175 1375 venditori.

141 1365 348 1416 raudutenrdeanng,

131 1416 229 1506 ggpgeiap
262 1415 346 1505 {nfflss‘
384 1409 464 1467 Nam
489 1427 558 1468 cum
583 1427 621 1470 ex
641 1408 801 1470 duodecim
822 1409 929 1470 tabulis
950 1410 1020 1471 satis
1043 1422 1121 1473 esset
1140 1431 1178 1473 ea

128 1514 217 1607 inim
238 1515 282 1557 and
306 1515 343 1557 tte
381 1503 529 1581 praestari,
554 1523 631 1581 quae
655 1515 753 1567 essent
777 1505 877 1584 lingua
899 1519 1077 1586 nuncupata,
1100 1528 1176 1585 quae

381 1599 433 1677 qui
460 1598 601 1660 infitiatus
627 1610 714 1675 esset,
742 1601 826 1678 dupli
855 1621 984 1681 poenam
1011 1603 1130 1677 subiret,
1158 1622 1177 1663 a

129 1697 198 1759 iuris
220 1696 362 1759 consultis
382 1696 472 1758 etiam
492 1695 662 1758 reticentiae
686 1717 783 1774 poena
806 1709 851 1759 est
872 1699 1040 1760 constituta.
1084 1699 1177 1774 Quid·
1191 1723 1218 1772 15

130 1796 203 1875 quid
229 1797 310 1858 enim
337 1806 415 1858 esset
441 1794 473 1855 in
500 1794 621 1874 praedio
648 1795 719 1868 vitii,
742 1795 774 1856 id
801 1808 972 1870 statuerunt,
994 1795 1020 1855 si
1039 1797 1176 1857 venditor

129 1893 224 1966 sciret,
245 1892 302 1953 nisi
322 1891 498 1952 nominatim
524 1891 639 1953 dictum
666 1903 751 1966 esset,
773 1892 913 1970 praestari
939 1904 1082 1971 oportere
1125 1894 1172 1953 66.

130 1991 182 2063 Ut,
197 2009 266 2050 cum
284 1988 316 2048 in
334 2009 400 2049 arce
420 1987 573 2067 augurium
591 2007 715 2068 augures
734 1989 827 2049 acturi
844 2000 943 2051 essent
963 1988 1174 2066 iussissentque

379 2085 426 2146 Ti
470 2084 631 2147 Claudium
673 2087 892 2160 Centumalum,
927 2085 979 2163 qui
1012 2088 1102 2148 aedes
1142 2085 1174 2145 in

128 2163 340 2258 Tqffipccan·
379 2181 483 2245 Caelio
515 2191 618 2242 monte
646 2180 784 2253 habebat,
813 2179 949 2241 demoliri
976 2200 1020 2255 ea,
1048 2200 1173 2258 quorum
1189 2219 1220 2254 20

379 2279 505 2341 altitudo
526 2280 655 2340 officeret
676 2275 822 2354 auspiciis,
845 2276 987 2338 Claudius
1006 2277 1175 2355 proscripsit

127 2371 445 2459 insulam[,vendidit];
462 2375 534 2437 emit
562 2377 593 2435 P.
624 2373 801 2451 Calpurnius
830 2373 980 2433 Lanarius.
1025 2374 1108 2434 Huic
1135 2376 1173 2436 ab

127 2475 283 2553 auguribus
310 2475 385 2535 illud
411 2473 492 2534 idem
519 2470 725 2534 denuntiatum
752 2482 805 2532 est.
862 2473 969 2548 Itaque
997 2471 1174 2550 Calpurnius

127 2589 197 2629 cum
223 2568 382 2631 demolitus
409 2578 487 2630 esset
514 2578 730 2646 cognossetque
765 2566 927 2627 Claudium
953 2569 1043 2628 aedes
1069 2581 1174 2646 postea

126 2666 337 2745 proscripsisse,
359 2686 449 2745 quam
476 2678 554 2728 esset
581 2666 619 2728 ab
639 2663 797 2743 auguribus
819 2663 955 2725 demoliri
976 2663 1078 2738 iussus,
1100 2665 1174 2727 arbi·
1187 2703 1216 2751 25

375 2775 452 2824 trum
466 2763 551 2822 illum
564 2761 671 2840 adegit,
688 2778 843 2833 eroovm
864 2778 924 2822 sim
945 2777 1032 2819 nana
1053 2777 1173 2820 racana

124 2841 337 2937 τὲζζάἷῖξξᾎξέ·
374 2876 559 2923 oronraarr
586 2874 629 2918 nx
654 2875 728 2918 rma
754 2874 846 2918 nona
890 2859 934 2917 M.
958 2859 1035 2918 Cato
1055 2871 1172 2920 senten-

374 2959 446 3020 tiam
480 2955 562 3031 dixit,
597 2954 684 3016 huius
719 2953 811 3015 nostri
845 2953 968 3016 Catonis
995 2967 1085 3032 pater.
1128 2959 1172 3020 Ut

124 3055 204 3120 enim
230 3054 320 3117 ceteri
346 3074 384 3117 ex
410 3051 550 3133 patribus,
571 3050 614 3112 sic
638 3050 697 3123 hic,
717 3051 769 3128 qui
789 3050 864 3111 illud
884 3053 985 3111 lumen
1005 3053 1170 3130 progenuit,

124 3174 162 3215 ex
174 3153 236 3214 filio
250 3164 294 3214 est
308 3151 514 3213 nominandus.
557 3150 590 3211 Is
608 3147 696 3226 igitur
709 3147 800 3209 iudex
813 3147 854 3208 ita
866 3150 1073 3226 pronuntiavit,
1091 3153 1170 3211 ‘cum
1184 3185 1216 3234 30

124 3251 155 3312 in
181 3252 343 3313 vendundo
370 3269 432 3312 rem
456 3267 523 3309 eam
543 3246 646 3308 scisset
665 3258 696 3308 et
716 3266 778 3307 non
798 3247 1024 3324 pronuntiasset,
1046 3249 1172 3327 emptori

125 3350 266 3409 damnum
292 3345 431 3426 praestari
458 3345 611 3424 oportere)
672 3346 719 3418 67.
762 3345 842 3421 Ergo
876 3344 915 3404 ad
941 3345 1032 3404 fidem
1060 3346 1170 3405 bonam

124 3445 224 3505 statuit
256 3444 401 3523 pertinere
435 3453 541 3502 notum
573 3458 639 3502 esse
665 3440 792 3517 emptori
818 3440 931 3514 vitium,
961 3441 1044 3517 quod
1070 3452 1171 3502 nosset

123 3540 265 3600 venditor.
309 3539 400 3616 Quod
418 3537 536 3599 sirecte
555 3535 704 3609 iudicavit,
719 3555 780 3595 non
798 3547 877 3596 recte
892 3535 1097 3596 frumentarius
1110 3535 1169 3607 ille,

171 3714 185 3765 5
202 3709 268 3752 recte
282 3703 314 3752 St
322 3718 378 3751 cum
387 3700 461 3762 codol,
479 3700 542 3750 idem
556 3699 637 3749 virum
652 3699 744 3749 iustum
759 3714 816 3747 cum
825 3698 950 3763 plerisque
964 3695 1039 3756 codd,
1058 3703 1125 3746 certe
1138 3711 1169 3743 ex

109 3782 310 3833 laubthicmt:
322 3785 367 3833 Ba
380 3783 523 3834 HeineMu
532 3783 644 3849 plm'qus
658 3780 712 3831 edd.
736 3785 747 3840 ll
774 3796 802 3830 ra
820 3780 912 3829 tabulis
926 3795 973 3828 om.
985 3779 1019 3828 H
1030 3779 1067 3827 Be
1082 3784 1168 3828 cantic

90 3860 163 3907 ‘Md
196 3866 215 3920 d
248 3876 282 3912 π
302 3867 417 3919 vendidit
426 3883 478 3919 om.
489 3867 533 3920 ea
544 3875 644 3921 auctore
658 3865 752 3930 Cobeto,
763 3863 836 3914 uncis
847 3863 995 3914 secluserunt
1008 3860 1088 3909 Helm
1104 3862 1153 3908 Mn
