2580 4170
91 199 129 256 28
429 187 605 257 Dbmestr'cae
610 198 800 273 fortitudines
982 192 1013 278 [I
1027 214 1086 257 xxr
1104 215 1120 273 7
1124 191 1142 275 3'

87 363 175 454 {gage
182 363 303 455 333
339 363 421 424 enim
440 364 525 424 aliter
543 375 597 423 aut
614 363 676 442 regi
695 363 799 422 civitas
817 373 870 422 aut
885 362 1026 424 declarari
1046 361 1141 422 animi

88 465 301 515 martyrum
339 458 516 536 magnitudo
540 471 646 536 potest
689 458 920 535 Capessentibus
946 470 1048 519 autem
1074 479 1141 519 rem

89 554 239 630 publicam
259 552 353 614 nihilo
372 555 470 614 minus
487 574 577 631 quam
598 554 789 632 philosophis,
808 554 890 614 haud
906 555 969 615 scio
989 574 1029 614 an
1046 555 1143 632 magis

90 650 189 723 etiam,
211 662 242 712 et
270 650 490 728 magnificentia
512 662 543 711 et
565 650 759 728 despicientia
780 650 952 710 adhibenda
973 662 1020 710 est
1042 670 1143 711 rerum

90 747 295 820 humanarum,
317 765 409 823 quam
430 767 520 824 saepe
546 747 625 821 dic0,
653 759 684 808 et
710 747 904 823 tranquillitas
931 747 1024 806 animi
1049 759 1143 824 atque
1175 779 1189 826 5

90 842 239 916 securitas}
253 842 278 902 si
299 843 422 920 quidem
438 862 494 902 nec
514 843 594 902 anxii
607 841 697 902 futuri
710 853 822 903 suntet
835 862 905 902 cum
918 843 1059 920 gravitate
1071 863 1144 904 con·

90 938 256 1014 stantiaque
275 938 387 998 victuri
439 956 486 1014 73.
530 940 616 1015 Quae
636 938 767 999 faciliora
784 949 853 998 sunt
868 938 1061 1015 philosophis,
1079 959 1143 1016 quo

90 1034 189 1094 minus
204 1035 297 1094 multa
315 1046 417 1112 patent
432 1035 464 1094 in
482 1055 586 1095 eorum
603 1035 672 1106 vita,
688 1054 765 1111 quae
784 1036 903 1095 fortuna
921 1035 1012 1108 feriat,
1026 1047 1058 1096 et
1078 1055 1144 1112 quo

89 1130 188 1190 miuus
211 1130 311 1190 multis
331 1132 418 1191 rebus
438 1144 535 1209 egent,
571 1142 602 1192 et
628 1130 708 1207 quia,
728 1130 754 1190 si
777 1130 853 1207 quid
871 1130 987 1191 adversi
1014 1131 1141 1205 eveniat,

89 1240 151 1286 tam
176 1226 301 1304 graviter
326 1227 433 1287 cadere
460 1246 521 1287 non
542 1238 673 1304 possunt
716 1226 865 1302 Quocirca
884 1246 946 1287 non
967 1226 1030 1287 sine
1050 1247 1190 1305 causare

90 1321 215 1400 maiores
228 1335 327 1382 motus
343 1322 510 1403 animorum
525 1322 711 1382 concitantur
727 1323 881 1399 maiorque
900 1342 972 1381 cura
991 1323 1141 1384 efficiendi

89 1412 328 1494 rempublicam
354 1419 522 1495 gerentibus
550 1438 641 1496 quam
661 1418 778 1495 quietis,
806 1437 869 1495 quo
889 1418 982 1496 magis
1003 1418 1038 1479 iis
1059 1439 1143 1497 mag·

90 1514 196 1574 nitudo
215 1525 260 1574 est
283 1513 375 1573 animi
401 1515 573 1575 adhibenda
599 1525 630 1576 et
656 1513 788 1575 vacuitas
815 1515 854 1575 ab
880 1506 1050 1592 angoribus
1089 1517 1142 1577 Ad

97 1667 266 1706 Asatemanou
280 1664 306 1705 ht
342 1629 405 1670 rem
424 1613 586 1688 gerendam
606 1622 707 1671 autem
727 1611 779 1687 qui
799 1611 915 1672 aceedit
934 1623 1036 1672 caveat
1053 1631 1091 1672 ne
1109 1612 1143 1673 id

89 1725 112 1757 to
125 1715 233 1765 provide
249 1677 304 1766 reb»
342 1708 435 1768 modo
455 1707 631 1780 consideret,
646 1726 736 1783 quam
755 1708 805 1767 illa
821 1726 868 1767 res
886 1708 1012 1768 honesta
1025 1707 1071 1781 sit,
1086 1711 1143 1769 sed
1158 1735 1187 1782 15

89 1765 306 1866 &bibeffidffi
342 1804 432 1864 etiam
458 1816 491 1864 ut
518 1805 626 1864 habeat
647 1804 795 1864 efficiendi
815 1807 1002 1865 facultatem:
1028 1805 1060 1864 in
1080 1825 1142 1882 quo

89 1879 196 1906 measures
202 1865 243 1906 and
250 1873 306 1904 must

88 1915 306 1967 avoiddesrondencv
342 1902 407 1980 ipso
427 1902 676 1964 considerandum
696 1912 741 1962 est
760 1921 798 1961 ne
816 1913 867 1962 aut
880 1913 990 1962 temere
1005 1903 1144 1980 desperet

89 1967 304 2059 delibari?
341 2011 461 2078 propter
486 1998 633 2076 ignaviam
660 2010 711 2057 aut
738 1997 825 2057 nimis
858 2000 988 2059 confidat
1022 2009 1144 2075 propter

89 2100 293 2178 cupiditatem.
325 2099 365 2156 In
375 2095 513 2157 omnibus
523 2106 623 2155 autern
634 2093 767 2183 negotiis,
778 2093 948 2171 priusquam
959 2094 1140 2172 adgrediare,

90 2198 262 2258 adhibenda
275 2206 319 2257 est
333 2190 516 2272 praeparatio
530 2190 662 2268 diligens.
732 2247 735 2251 ,
1155 2215 1187 2249 20

0 2306 78 2356 xll
121 2319 251 2371 superioria
284 2318 310 2360 or
406 2304 452 2362 74
495 2288 554 2348 Sed
574 2307 643 2346 cum
663 2286 795 2365 plerique
815 2287 990 2348 arbitrentur
1015 2307 1062 2347 res
1082 2287 1144 2349 bel-

94 2370 204 2461 ?{ffitsslfif
216 2370 308 2460 mdffl
345 2385 417 2445 licas
430 2381 556 2442 maiores
569 2401 634 2442 esse
653 2402 744 2459 quam
762 2384 897 2455 urbanas,
915 2383 1078 2455 minuenda
1096 2396 1143 2445 est

80 2470 306 2571 ,ζζῆξζζξζξὴξξᾞζ
344 2487 419 2544 haec
440 2482 550 2560 opinio.
595 2478 685 2540 Multi
704 2479 785 2539 enim
799 2480 877 2538 bella
890 2499 979 2556 saepe
993 2479 1144 2555 quaesive-

94 2570 307 2662 fflfflgssgpg
343 2592 411 2641 runt
431 2590 550 2657 propter
568 2575 678 2654 gloriae
704 2574 905 2651 cupiditatem,
934 2585 1025 2650 atque
1051 2574 1084 2635 id
1110 2574 1142 2635 in

23 2749 29 2758 ,
93 2670 145 2711 '³¹¹¹
153 2681 233 2721 ⁵⁰¹⁰¹¹r
343 2676 457 2754 magnis
478 2673 583 2734 animis
603 2670 787 2750 ingeniisque
808 2673 982 2747 plerumque
997 2670 1143 2749 contingit
1155 2697 1184 2746 25

94 2790 191 2848 eoque
210 2773 312 2852 magis,
327 2773 352 2834 si
372 2783 440 2832 sunt
453 2773 493 2831 ad
506 2789 568 2830 rem
582 2768 737 2828 militarem
750 2766 812 2844 apti
838 2779 869 2827 et
882 2767 983 2843 cupidi
997 2769 1143 2827 bellorum

94 2870 297 2949 gerendomm.
346 2873 423 2930 Vere
437 2880 537 2928 autern
551 2865 576 2926 si
589 2867 725 2926 volumus
740 2863 878 2935 iudicare,
889 2865 999 2923 multae
1013 2884 1059 2924 res
1073 2865 1144 2924 exti-

89 2977 191 3049 terunt
204 2967 335 3027 urbanae
348 2964 473 3025 maiores
487 2961 681 3037 clarioresque
695 2980 786 3037 quam
796 2959 925 3019 bellicae.
962 2974 1007 3036 75.
1031 2954 1144 3035 Quam·

94 3065 138 3124 vis
159 3063 239 3125 enim
259 3061 476 3122 Themistocles
495 3059 558 3119 iure
576 3058 714 3117 laudetur
734 3066 763 3116 et
784 3055 821 3115 sit
841 3054 904 3115 eius
923 3075 1033 3117 nomen
1051 3076 1142 3133 quam

95 3160 212 3221 Solonis
228 3158 367 3220 illustrius
386 3157 551 3232 citcturque
567 3152 691 3214 Salamis
707 3150 884 3211 clarissimae
898 3151 980 3211 testis
993 3151 1141 3226 victoriae,
1156 3181 1187 3229 30

96 3276 172 3334 quae
180 3266 375 3332 anteponatur
382 3252 506 3313 consilio
514 3249 631 3311 Solonis
639 3249 667 3311 ei
681 3268 742 3326 quo
752 3247 879 3325 primum
889 3248 1041 3308 constituit
1052 3253 1144 3310 Areo

94 3353 215 3431 pagitas‚
230 3372 291 3412 non
305 3350 403 3410 minus
417 3349 598 3427 praeclarum
611 3347 670 3405 hoc
684 3364 775 3422 quam
788 3344 862 3403 illud
876 3343 1069 3404 iudicandum
1087 3358 1141 3406 est

95 3451 177 3510 Illud
195 3449 275 3509 enim
295 3448 387 3507 semel
408 3443 526 3522 proluit,
546 3444 605 3503 hoc
628 3460 745 3518 semper
770 3439 900 3522 proderit
927 3440 1054 3501 civitati:
1082 3442 1142 3503 hoc

38 3529 40 3535 Ι
143 3578 157 3626 3
179 3561 241 3611 nihil
259 3561 341 3609 minus
357 3559 382 3608 Z
400 3558 509 3620 Madvig
523 3571 580 3605 cum
597 3554 663 3603 codd.
699 3557 709 3611 ΙΙ
745 3568 808 3616 4ea
830 3551 887 3616 (pro
904 3554 940 3611 etl
957 3552 1143 3617 magnificentia

93 3642 202 3703 Madvig
213 3642 330 3705 quoniam
344 3638 473 3701 diremptio
485 3635 682 3700 magnificentiae
695 3641 719 3683 et
732 3633 908 3697 despicientiae
917 3633 1010 3696 duplata·
1018 3642 1044 3684 et
1055 3644 1142 3699 prava

96 3718 130 3764 sit
146 3719 156 3774 ΙΙ
176 3730 202 3763 rr
221 3713 365 3776 maioraque
376 3711 458 3760 studia
473 3711 558 3772 Unger
567 3710 634 3758 Mu:
649 3707 776 3771 maiorque
787 3722 845 3755 cura
855 3706 933 3755 ch.
945 3718 963 3754 a
981 3710 992 3764 ΙΙ
1016 3705 1046 3756 26
1068 3706 1145 3754 Verba

97 3805 121 3846 et
137 3794 221 3858 cupidi
237 3794 357 3842 bellorum
373 3792 536 3854 gerendorum
550 3805 562 3839 e
574 3789 686 3852 margine
698 3788 822 3851 irrepsisse
836 3787 930 3836 iudicat
946 3787 986 3835 Ba
998 3793 1053 3850 post
1062 3787 1144 3851 Suap·

66 3875 285 3940 'prbrtprvbarrtr
293 3875 397 3936 Atiam
411 3872 498 3925 callidi
503 3880 555 3942 pro
565 3870 651 3936 cupidi
661 3870 792 3921 coniecerat
804 3869 819 3918 1
830 3870 854 3919 F
862 3869 1002 3930 Heusinger
