2580 4184
147 203 202 257 ¹¹4
398 180 448 241 Dc
465 182 634 241 contentione
652 178 777 240 Honesti
793 185 822 239 et
845 179 933 241 Utilis
1007 176 1073 260 [111
1088 197 1134 240 xri
1151 197 1187 258 52

144 401 362 446 coerrantium·
395 351 542 429 discipulo
569 348 641 421 eius,
670 348 785 410 homini
808 348 998 410 acutissimo:
1032 350 1190 428 Antipatro

143 464 233 496 πω
261 451 361 502 011118111‘2
395 447 495 509 omnia
515 445 729 524 patefacienda,
745 456 779 505 ut
799 464 838 506 ne
858 445 932 522 quid
952 445 1085 521 omnino,
1107 447 1190 524 quod

144 503 363 603 ffiiiissssiiisi
395 543 532 605 venditor
551 542 637 618 norit,
652 555 769 620 emptor
787 542 919 620 ignoret3
942 541 1071 621 Diogeni
1090 542 1192 604 vendi-

144 603 363 746 ffitlioiytiiceffi:
396 651 501 713 torem,
521 652 667 718 quatenus
686 640 749 701 iure
770 639 849 701 civili
868 640 1061 702 constitutum
1081 641 1127 714 sit,
1149 640 1192 701 di-

144 718 173 747 ω
188 717 233 746 ¹¹⁸³
246 717 291 744 Μ
332 712 362 754 '¹⁵
398 758 465 799 cere
477 737 549 799 vitia
562 748 705 815 oportere,
720 747 818 799 cetera
831 736 896 799 sine
913 738 1028 800 insidiis
1046 758 1132 816 agere
1150 749 1189 812 et,
1219 755 1232 805 5

146 833 287 913 quoniam
306 833 424 908 vendat,
444 836 520 896 velle
540 853 631 912 quam
651 845 774 912 optume
800 836 937 897 vendere
981 835 1122 910 ‘Advexi,
1144 856 1192 897 ex-

144 931 239 1011 posui,
253 931 353 992 vendo
371 950 472 992 meum
491 950 552 990 non
570 929 663 1008 pluris
677 949 768 1007 quam
783 931 881 1005 ceteri,
897 933 1020 992 sortasse
1033 930 1123 992 etiam
1138 930 1192 991 mi-

159 1051 360 1113 (rhetragurnents
397 1025 485 1100 noris,
501 1045 571 1087 cum
585 1025 679 1086 maior
692 1036 737 1087 est
751 1026 852 1105 copia:
868 1026 917 1086 cui
930 1029 964 1087 fit
977 1026 1112 1088 iniuria?’
1141 1043 1188 1104 52.

140 1102 359 1202 2:323&me
399 1123 536 1184 Exoritur
548 1122 696 1201 Antipatri
710 1123 784 1184 ratio
804 1144 842 1185 ex
858 1125 949 1184 altera
966 1135 1067 1201 parte:
1090 1123 1191 1199 ‘Quid

144 1220 206 1283 ais?
226 1232 267 1295 tu,
283 1240 351 1281 cum
369 1219 541 1281 hominibus
559 1221 714 1281 consulere
735 1220 846 1280 debeas
864 1230 894 1280 et
915 1220 1022 1280 servire
1042 1221 1191 1280 humanae
1205 1241 1238 1284 ro

144 1318 278 1382 societati
298 1338 392 1395 eaque
412 1320 478 1396 lege
498 1329 584 1379 natus
605 1317 645 1378 sis
666 1328 695 1378 et
717 1337 753 1378 ea
772 1319 882 1379 habeas
902 1318 1047 1396 principia
1060 1330 1190 1391 naturae,

144 1417 250 1496 quibus
270 1436 372 1494 parere
393 1426 423 1476 et
443 1436 519 1493 quae
540 1415 625 1494 sequi
645 1416 764 1489 debeas,
780 1425 813 1475 ut
832 1415 943 1475 utilitas
956 1425 1008 1474 tua
1022 1415 1191 1475 communis

144 1513 182 1573 sit
192 1511 300 1572 utilitas
313 1509 502 1588 vicissimque
515 1510 682 1570 communis
696 1510 806 1570 utilitas
816 1521 867 1570 tua
877 1509 923 1583 sit,
935 1510 1045 1570 celabis
1055 1511 1192 1571 homines

144 1609 217 1687 quid
231 1609 266 1670 iis
280 1608 358 1669 adsit
371 1609 593 1669 commoditatis
609 1619 639 1670 et
653 1608 787 1686 copiaei'
816 1609 1025 1686 Respondebit
1040 1609 1191 1687 Diogenes
1268 1659 1273 1669 .

144 1710 266 1792 sortasse
285 1706 340 1767 sic:
366 1705 471 1766 ‘Aliud
491 1716 535 1767 est
549 1707 653 1779 celare,
669 1704 751 1766 aliud
765 1717 871 1779 tacere,
886 1724 984 1782 neque
998 1725 1054 1782 ego
1068 1725 1149 1766 nunc
1162 1718 1191 1767 te
1206 1734 1234 1783 15
1271 1708 1272 1714 ’

145 1808 220 1878 celo,
232 1805 257 1865 si
271 1804 325 1866 tibi
338 1824 400 1865 non
415 1803 483 1863 dico
498 1823 573 1880 quae
588 1814 692 1863 natura
704 1804 828 1864 deorum
843 1801 889 1875 sit,
902 1802 954 1878 qui
969 1802 1005 1862 sit
1019 1802 1085 1863 finis
1099 1804 1192 1864 bono-

145 1920 219 1975 rum,
235 1920 312 1977 quae
326 1900 380 1962 tibi
393 1901 460 1978 plus
474 1901 648 1977 prodessent
662 1898 781 1976 cognita
795 1919 885 1976 quam
899 1897 988 1958 tritici
1000 1899 1103 1960 vilitas
1133 1900 1192 1961 Sed

145 2017 215 2071 non,
223 1997 369 2076 quidquid
379 1996 433 2058 tibi
443 1996 545 2057 audire
556 1996 628 2056 utile
642 2006 695 2069 est,
707 1995 739 2056 id
754 1994 827 2055 mihi
841 1994 939 2056 dicere
953 2014 1075 2056 necesse
1089 1999 1193 2057 est!-

147 2114 163 2175 5
168 2117 194 2174 3.
225 2100 338 2157 ‘Immo
351 2099 433 2157 vero'
448 2095 561 2174 inquiet
575 2096 624 2156 ille
640 2099 774 2156 ‘necesse
789 2106 841 2169 est,
857 2095 882 2154 si
897 2094 1017 2172 quidem
1032 2095 1192 2156 meministi

147 2214 212 2255 esse
230 2194 306 2254 inter
324 2193 459 2254 homines
477 2204 582 2253 natura
599 2192 791 2253 coniunctam
806 2191 1191 2253 societatem.'-‘Memini’
1204 2215 1235 2250 το

147 2289 261 2368 inquiet
279 2290 337 2362 ille,
354 2291 420 2351 ‘sed
439 2310 511 2349 num
529 2289 585 2350 ista
603 2289 730 2350 societas
748 2288 814 2349 talis
833 2299 886 2361 est,
901 2299 934 2348 ut
952 2287 1025 2347 nihil
1044 2308 1131 2348 suum
1145 2308 1192 2348 cu·

147 2386 252 2464 iusque
266 2386 321 2446 sit?
362 2386 453 2460 Quod
467 2384 491 2445 si
505 2385 547 2446 ita
560 2396 611 2459 est,
628 2406 666 2446 ne
682 2385 878 2446 vendundum
897 2384 1019 2462 quidem
1034 2385 1193 2462 quicquam

67 2497 138 2549 XIII
151 2494 203 2555 est,
219 2483 272 2543 sed
286 2482 478 2542 donandum!
519 2481 612 2543 Vides
626 2481 657 2541 in
671 2483 727 2542 hac
740 2479 1031 2558 tota-disceptatione
1045 2500 1106 2541 non
1120 2480 1194 2541 illud

149 2578 210 2639 dici
224 2578 381 2654 ‘Quamvis
400 2577 458 2637 hoc
475 2588 560 2654 turpe
579 2577 624 2652 sit,
640 2589 748 2652 tamen,
764 2577 906 2654 quoniam
921 2577 1048 2654 expedit,
1061 2577 1192 2651 faciam3'

147 2675 201 2735 sed
215 2673 257 2733 ita
269 2671 418 2750 expedire,
433 2683 466 2732 ut
480 2682 565 2750 turpe
579 2693 640 2733 non
655 2673 706 2748 sit3
725 2693 761 2734 ex
780 2674 870 2734 altera
884 2683 983 2733 autem
997 2683 1088 2749 parte,
1104 2692 1139 2732 ea
1151 2692 1190 2746 re,
1205 2698 1234 2746 25

147 2820 361 2872 anubyoatottne
399 2769 469 2847 quia
482 2781 567 2847 turpe
581 2770 627 2844 sit,
641 2790 704 2830 non
722 2790 787 2830 esse
805 2769 984 2829 faciendum.
1027 2784 1073 2845 54.
1115 2771 1194 2828 Ven-

147 2872 362 2964 X{2{2{,{'{4²1,{ss¹,¹,3⁹2
400 2869 452 2928 dat
472 2870 563 2929 aedes
583 2867 627 2928 vir
645 2869 743 2928 bonus
764 2878 885 2945 propter
905 2866 1004 2943 aliqua
1021 2865 1100 2940 vitia,
1116 2885 1193 2943 quae

147 2973 361 3065 ggeitgfffirfrom
398 2964 461 3044 ipse
475 2964 561 3039 norit,
577 2964 666 3025 ceteri
684 2965 828 3042 ignorent,
843 2963 1013 3041 pestilentes
1027 2962 1085 3022 sint
1099 2974 1129 3022 et
1143 2965 1193 3022 ha-

398 3063 522 3122 beantur
536 3063 674 3136 salubres,
690 3063 838 3139 ignoretur
851 3061 883 3122 in
897 3060 1035 3121 omnibus
1049 3059 1193 3121 cubiculis

147 3179 286 3239 apparere
310 3170 468 3236 serpentes,
494 3161 571 3219 male
592 3158 760 3220 materiatae
783 3162 850 3233 sint,
872 3158 1115 3232 ruinosae-sed
1135 3160 1193 3218 hoc
1206 3179 1237 3228 30

146 3269 261 3336 praeter
274 3254 428 3317 dominum
443 3275 531 3315 nemo
546 3255 634 3316 sciat:
656 3275 775 3333 quaere,
790 3255 816 3314 si
835 3256 909 3314 haec
929 3253 1110 3332 emptoribus
1123 3275 1194 3316 ven-

148 3355 225 3415 ditor
245 3373 306 3413 non
327 3351 433 3412 dixerit
453 3353 603 3429 aedesque
627 3351 792 3412 vendiderit
815 3351 905 3428 pluris
929 3352 1025 3410 multo
1049 3370 1139 3427 quam
1161 3371 1194 3413 se

147 3453 335 3515 venditurum
354 3449 469 3529 putarit,
485 3470 559 3510 num
577 3450 610 3510 id
630 3448 736 3509 iniuste
750 3460 800 3508 aut
815 3449 949 3526 improbe
963 3448 1083 3509 fecerit?
1124 3451 1193 3510 ‘Ille

199 3629 229 3680 19
255 3613 329 3663 verbo
347 3613 425 3662 immo
449 3627 509 3661 vero
530 3610 626 3676 inquiet
643 3610 686 3660 ille
703 3625 803 3661 necesse
825 3617 862 3660 est
883 3611 972 3659 desunt
993 3610 1023 3659 in
1044 3617 1090 3674 opt.
1115 3611 1190 3671 codd,

146 3695 243 3744 seclusit
258 3694 300 3742 Bo
335 3696 344 3751 ΙΙ
380 3707 409 3742 ar
438 3692 582 3756 cuiusquam
602 3692 626 3741 Z
643 3692 682 3740 Or
697 3706 753 3740 cnm
771 3691 865 3755 aliqnot
882 3691 948 3759 codd.
971 3691 1052 3752 ‘Quod
1067 3689 1092 3739 si
1113 3691 1194 3740 Cicero

137 3777 220 3823 dnm
233 3775 356 3832 volutent,
370 3779 419 3822 ant
426 3773 489 3822 nilril
501 3773 645 3840 cuiusquam
659 3774 744 3823 onn‘sso
754 3788 826 3822 suum
836 3779 883 3821 aut
892 3771 954 3821 nihil
965 3772 1110 3836 cuiusquam
1121 3789 1192 3822 suum

120 3854 293 3904 dinn'ncn'St
323 3859 339 3915 ΙΙ
370 3868 407 3921 30
422 3856 475 3908 sint
484 3856 656 3911 abestacodd.
695 3860 707 3919 l
744 3872 776 3922 33
790 3855 880 3906 idom.
893 3853 1183 3906 Orzcumtontscott.
