2580 4184
92 235 146 295 111
156 249 261 293 xxvnt
274 228 345 313 102]
374 233 425 292 De
441 230 609 290 tanmem
624 230 750 290 Honesti
766 237 794 290 d
817 231 906 292 Utilis
1084 252 1139 310 131

92 414 279 495 uxoratum
291 401 400 475 liberis,
415 420 506 479 quam
520 399 720 461 calamitatem
734 400 898 479 accepisset
910 400 943 462 in
955 402 1046 476 bello,
1060 421 1142 464 com·

93 517 218 560 munem
236 500 372 560 fortunae
389 496 514 558 bellicae
541 495 724 556 iudicantem
743 507 845 558 tenere
864 497 1028 558 consularis
1048 498 1143 575 digni·

94 597 163 657 tatis
182 597 316 675 gradum
359 593 435 669 Quis
454 594 530 653 haec
550 603 641 670 negat
660 612 726 654 esse
746 593 848 655 utilia?
888 594 989 670 Quem
1015 597 1143 655 censes?

10 708 80 758 {VII
93 694 275 772 Magnitudo
287 691 378 752 animi
392 701 422 752 et
435 689 579 750 fortitudo
592 700 701 768 negat;
733 690 817 770 (roo)
838 709 913 750 nnm
932 691 1141 769 locupletiores

92 791 209 872 quaeris
229 790 408 863 auctores?
428 789 546 847 Harum
566 786 647 847 enim
668 797 714 848 est
732 786 874 847 virtutum
893 787 1047 865 proprium
1067 788 1141 850 nihil
1168 810 1183 860 5

91 889 292 960 extimescere,
306 884 409 947 omnia
420 886 552 945 humana
569 882 732 962 despicere,
747 883 822 943 nihil
840 885 923 960 quod
936 884 1051 945 homini
1064 885 1142 946 acci-

64 990 70 1002 ’
90 987 162 1048 dere
174 983 268 1064 possit
281 982 502 1044 intolerandum
514 992 627 1060 putare.
670 982 778 1057 Itaque
791 980 866 1060 quid
879 980 972 1043 fecit?
1006 984 1044 1042 In
1058 1002 1141 1044 sena·

91 1093 155 1144 tum
168 1081 259 1156 venit,
274 1082 418 1141 mandata
435 1078 582 1157 exposuit,
597 1077 776 1139 sententiam
793 1097 833 1140 ne
851 1078 964 1139 diceret
980 1081 1141 1142 recusavit:

91 1197 182 1256 quam
201 1176 255 1238 diu
275 1174 483 1236 iureiurando
503 1173 635 1234 hostium
657 1184 815 1246 teneretur,
836 1193 900 1234 non
920 1193 986 1235 esse
1006 1194 1039 1236 se
1059 1195 1142 1236 sena·

91 1284 195 1346 tore'm.
237 1275 339 1349 Atque
356 1271 431 1330 illud
445 1268 611 1330 etiam—‘o
625 1270 750 1350 stultum
763 1269 930 1331 hominem’
944 1271 1051 1332 dixerit
1064 1272 1142 1349 quis·
1155 1298 1184 1333 to

91 1372 174 1450 piam
195 1376 238 1432 ‘et
258 1378 474 1449 repugnantem
493 1366 613 1427 utilitati
640 1367 867 1428 suael'-reddi
892 1367 1027 1446 captivos
1054 1389 1142 1447 nega·

91 1468 133 1530 vit
153 1487 218 1529 esse
239 1466 330 1527 utile:
357 1464 425 1525 illos
452 1462 533 1525 enim
552 1465 762 1525 adulescentes
781 1483 847 1525 esse
867 1475 899 1526 et
918 1465 1016 1526 bonos
1037 1466 1139 1541 duces,

58 1603 66 1634 ;
93 1586 126 1628 se
144 1566 204 1626 iam
217 1564 388 1625 confectum
402 1572 564 1622 senectute
607 1561 702 1624 Cuius
721 1581 792 1621 cum
812 1562 951 1624 valuisset
970 1563 1140 1639 auctoritas,

92 1661 202 1741 captivi
221 1659 328 1721 retenti
347 1669 425 1731 sunt,
440 1658 504 1735 ipse
525 1658 742 1736 Karthaginem
762 1659 849 1720 rediit
870 1679 969 1738 neque
989 1681 1059 1722 eum
1072 1661 1143 1721 cari·

50 1786 72 1793 ··
92 1772 138 1828 tas
157 1758 270 1836 patriae
292 1755 412 1817 retinnit
433 1774 490 1816 nec
510 1773 640 1815 suorum
684 1757 794 1832 Neque
813 1776 884 1818 vero
904 1768 968 1817 tum
988 1757 1142 1835 ignorabat
1154 1780 1182 1830 15

92 1879 125 1921 se
133 1849 178 1921 ad
191 1853 428 1917 crudelissimum
441 1853 559 1913 hostem
573 1863 604 1913 et
616 1854 656 1914 ad
670 1852 817 1931 exquisita
827 1854 972 1932 supplicia
984 1856 1141 1933 proficisci,

213 2033 216 2039 ι
339 1952 393 2011 sed
411 1949 457 2009 ius
475 1949 634 2009 iurandum
652 1951 888 2011 conservandum
906 1954 1040 2028 putabat
1084 1956 1143 2014 Ita·

91 2033 302 2136 brfffflgfiffigssg„
340 2064 401 2122 que
413 2056 487 2118 tum,
502 2065 572 2104 cum
586 2044 738 2122 vigilando
755 2047 925 2119 necabatur,
940 2057 1003 2107 erat
1016 2047 1048 2107 in
1060 2047 1143 2108 meli·

91 2134 260 2236 }{egglffiffuc‘
275 2130 303 2173 ⁰¹
340 2160 392 2202 ore
406 2160 497 2200 causa
507 2160 597 2217 quam
611 2140 637 2200 si
650 2139 735 2201 domi
749 2160 842 2201 senex
854 2141 996 2219 captivus,
1008 2142 1141 2221 periurus

118 2284 155 2325 He
182 2296 226 2323 m
247 2280 299 2322 sm„
340 2236 707 2299 consularisremansisset.
753 2256 819 2296 101.
842 2239 897 2298 ‘At
906 2240 1004 2313 stulte,
1016 2239 1066 2317 qui
1076 2259 1138 2300 non
1152 2265 1183 2299 to

91 2334 164 2426 iginum
178 2331 301 2424 &effi-¹¹2³
338 2335 431 2394 modo
442 2354 504 2394 non
514 2333 662 2395 censuerit
675 2332 808 2410 captivos
821 2334 1026 2411 remittendos,
1035 2356 1138 2397 verum

90 2436 162 2527 ἓξὲξ
184 2435 189 2444 ’
209 2447 257 2475 0⁹⁶¹
265 2432 297 2473 tn·
334 2430 426 2490 etiam
441 2428 629 2490 dissuaserit'
646 2429 734 2504 ·Qu0
747 2430 841 2491 modo
855 2432 967 2493 stulte?
1000 2431 1137 2507 etiamne,

133 2594 173 2635 an
210 2589 260 2633 eri
340 2526 422 2588 sirei
435 2526 572 2604 publicae
590 2526 796 2588 conducebat?
816 2539 915 2605 potest
933 2540 1041 2604 autem,
1056 2532 1139 2608 quod

91 2682 138 2724 Not
150 2603 212 2723 HE
226 2679 301 2721 advice
339 2625 444 2686 inutile
454 2623 496 2683 rei
506 2623 644 2701 publicae
656 2622 702 2697 sit,
712 2623 745 2685 id
752 2624 892 2702 cuiquam
902 2625 960 2687 civi
973 2628 1045 2690 utile
1055 2633 1139 2690 esse?

10 2735 78 2786 VIII
91 2747 134 2775 was
142 2734 175 2775 sor
183 2732 220 2773 the
228 2731 299 2783 public
399 2723 576 2781 Pervertunt
609 2721 746 2782 homines
781 2741 825 2796 ea,
861 2742 939 2800 quae
972 2737 1041 2786 sunt
1075 2729 1138 2787 fun·
1151 2747 1180 2795 25

180 2783 222 2823 For
234 2790 256 2822 to
265 2794 298 2821 se·

89 2797 298 2921 {amenopsrogn
336 2817 479 2876 damenta
512 2827 644 2888 naturae,
679 2835 750 2877 cum
770 2817 927 2878 utilitatem
961 2823 1000 2881 ab
1034 2824 1140 2884 hones·

89 2883 300 2992 dimid&
337 2926 397 2974 tate
418 2914 584 2990 seiungunt
628 2915 743 2975 Omnes
771 2915 851 2974 enim
878 2918 1044 2994 expetimus
1064 2922 1139 2981 utili·

89 2983 299 3085 {iieiffiiiilnissi‘
340 3022 432 3071 tatem
460 3011 500 3070 ad
529 3029 655 3087 eamque
686 3010 815 3087 rapimur
842 3033 900 3074 nec
928 3016 1024 3077 facere
1053 3018 1138 3079 aliter

89 3111 151 3170 ullo
179 3109 272 3170 modo
300 3127 465 3185 possumus.
508 3109 589 3167 Nam
616 3105 682 3185 quis
709 3119 755 3168 est
782 3108 834 3186 qui
860 3111 944 3171 utilia
964 3113 1064 3190 fugiat,
1086 3127 1137 3176 aut

89 3207 155 3285 quis
176 3205 275 3283 potius
296 3204 347 3282 qui
368 3224 404 3264 ea
424 3224 485 3265 non
506 3202 721 3264 studiosissime
742 3211 950 3283 persequatur?
991 3212 1050 3270 Sed
1068 3212 1138 3288 quia
1151 3229 1182 3288 39

90 3322 238 3381 nusquam
251 3320 410 3378 possumus
424 3299 481 3360 nisi
494 3300 526 3360 in
544 3300 641 3372 laude,
658 3301 774 3374 decore,
790 3301 945 3365 honestate
959 3305 1043 3365 utilia
1055 3326 1138 3385 repe·

89 3401 154 3469 rire,
168 3409 326 3477 propterea
344 3397 394 3456 illa
412 3396 507 3474 prima
526 3407 557 3457 et
575 3415 692 3456 summa
710 3397 862 3471 habemus,
879 3399 1011 3462 utilitatis
1025 3422 1136 3464 nomen

89 3509 226 3558 nontam
240 3494 430 3573 splendidum
445 3513 535 3569 quam
549 3492 748 3553 necessarium
763 3493 909 3555 ducimus.
953 3516 1018 3555 102.
1044 3499 1138 3574 ‘Quid

116 3640 275 3693 onjecuonu
342 3601 387 3650 est
407 3587 505 3666 igitnr'
527 3589 632 3650 dixerit
653 3590 719 3667 quis
741 3590 785 3651 ‘in
805 3591 868 3652 iure
888 3592 1031 3655 iurando?
1066 3615 1138 3655 num

115 3707 303 3757 Tnereisnotmg
339 3686 446 3747 iratum
460 3686 597 3746 timemus
612 3690 735 3749 Iovem?
774 3691 816 3748 At
835 3691 894 3749 hoc
915 3690 1037 3769 quidem
1058 3713 1137 3753 com·
1150 3709 1180 3762 35

89 3756 145 3800 inan
151 3758 209 3799 Oath
216 3758 261 3798 that
271 3771 302 3797 we
591 3782 597 3793 .
719 3783 724 3794 .

89 3808 303 3850 manutenemus<
340 3802 431 3842 mune
452 3793 496 3842 est
517 3801 651 3843 omnium
675 3783 937 3865 philosophorum,
954 3807 1026 3849 non
1042 3807 1157 3850 eorum

78 3857 297 3954 llassssie‘fflfll?
328 3881 430 3955 modo,
462 3881 515 3959 qui
543 3884 639 3947 deum
670 3886 749 3950 nihii
773 3888 896 3954 nabere
919 3890 1032 3971 ipsum
1054 3883 1185 3963 segem

1029 4020 1119 4080 q-2
