2580 4184
172 190 223 252 111
238 207 271 250 tv
290 185 340 272 16]
449 210 451 216 ’
516 190 566 250 De
585 191 752 252 Istonestatis
771 197 880 252 notura
1165 208 1219 254 tot

171 392 266 434 „m
291 390 340 434 ,lm
364 391 390 435 ot
425 359 526 435 Atque
540 357 614 420 illud
627 358 750 437 quidem
763 360 933 433 honestum,
949 359 1031 437 quod
1044 357 1160 437 proprie
1175 379 1223 421 ve·

169 442 386 536 {lffiffifflffi
424 473 516 531 reque
538 454 653 531 dicitur,
667 455 699 517 id
713 456 743 516 in
758 456 939 535 sapientibus
961 469 1005 518 est
1027 456 1097 518 solis
1118 475 1217 536 neque

168 543 389 646 ἷζζᾛῇξζίξξ
423 551 560 613 avirtute
575 553 675 616 divelli
688 574 832 632 umquam
845 566 950 634 potest
996 556 1033 616 In
1053 553 1090 616 iis
1110 565 1218 629 autem,

168 657 225 696 Μ·
424 649 576 728 inquibus
590 649 735 730 sapientia
748 652 877 728 perfecta
890 670 951 711 non
965 662 1019 724 est,
1035 649 1133 728 ipsum
1147 649 1221 711 illud

168 743 292 822 quidem
305 746 472 822 perfectum
485 747 644 808 honestum
664 748 747 808 nullo
766 748 867 815 modo,
881 746 1089 809 similitudines
1103 748 1221 809 honesti
1251 766 1264 817 s

168 860 234 901 esse
256 853 389 918 possunt
437 862 483 916 14.
526 846 615 904 Haec
637 843 719 905 enim
743 843 849 918 officia,
874 845 913 905 de
937 843 1045 921 quibus
1070 843 1116 905 his
1140 844 1221 906 libris

168 937 363 1014 disputamus,
388 938 489 1000 media
516 939 608 1001 Stoici
635 942 803 1018 appellant:
831 959 867 1001 ea
893 939 1066 1001 communia
1094 952 1163 1002 sunt
1190 952 1220 1003 et

167 1035 226 1094 late
249 1046 360 1111 patent,
375 1054 453 1113 quae
475 1049 506 1098 et
527 1037 637 1116 ingenii
659 1038 793 1099 bonitate
815 1037 900 1099 multi
922 1049 1096 1098 assecuntur
1108 1050 1139 1099 et
1153 1057 1220 1116 pro-

167 1129 318 1208 gressione
337 1130 481 1192 discendi.
525 1135 606 1194 Illud
627 1146 727 1195 autem
750 1133 888 1208 officium,
904 1135 986 1211 quod
1000 1145 1113 1194 rectum
1138 1133 1219 1195 idem

167 1228 326 1302 appellant,
341 1229 506 1304 perfectum
528 1243 618 1308 atque
640 1232 809 1291 absolutum
832 1241 877 1291 est
898 1241 938 1304 et,
953 1241 986 1291 ut
1007 1229 1088 1291 idem
1106 1229 1218 1303 dicunt,
1235 1250 1265 1286 ιο

167 1341 273 1383 omnes
295 1342 435 1385 numeros
457 1327 548 1387 habet
570 1347 626 1387 nec
645 1338 760 1404 praeter
774 1326 938 1404 sapientem
952 1327 1058 1387 cadere
1072 1326 1103 1386 in
1118 1346 1220 1404 quem·

420 1441 511 1498 quam
537 1434 644 1502 potest
691 1440 735 1501 15.
766 1424 844 1485 Cum
864 1435 965 1484 autem
986 1420 1098 1501 aliquid
1118 1435 1217 1483 actum

168 1509 192 1539 or
208 1496 254 1538 that
270 1504 293 1539 to
311 1497 381 1540 which
492 1518 499 1531 ο
693 1519 699 1532 ·
809 1518 815 1531 ·
1072 1517 1079 1530 .

168 1547 267 1599 „army
280 1561 329 1589 n„
344 1561 384 1590 c„
422 1530 475 1592 est,
491 1539 522 1579 in
540 1538 602 1596 quo
621 1521 720 1580 media
738 1520 836 1580 officia
854 1530 1054 1597 compareant,
1071 1519 1103 1580 td
1116 1539 1219 1579 cumu-

167 1597 385 1708 ζζῑῗᾶηᾟῖνζῗξξξ
422 1615 480 1676 late
494 1615 611 1677 videtur
624 1635 689 1677 esse
702 1618 871 1694 perfectum,
884 1628 1040 1695 propterea
1063 1615 1145 1693 quod
1159 1617 1218 1676 vol·

168 1698 384 1791 ffiffi‘ffissss:
421 1731 484 1790 gus,
505 1712 579 1790 quid
597 1712 675 1773 absit
695 1732 714 1772 a
733 1713 874 1790 perfecto,
894 1732 955 1773 non
979 1713 1039 1773 fere
1059 1711 1203 1789 intellegit
1209 1733 1217 1786 3
1233 1735 1260 1784 ¹5

168 1798 387 1899 fflfffffih‘fh‘g
424 1819 570 1886 quatenus
592 1819 692 1869 autem
714 1807 865 1886 intellegit,
888 1807 961 1868 nihil
985 1818 1070 1884 putat
1091 1819 1217 1885 praeter·

168 1898 389 2002 {ffifltffiggffssp
422 1905 558 1967 missum:
580 1906 663 1982 quod
672 1903 752 1966 idem
763 1904 793 1963 in
808 1905 961 1982 poimatis,
977 1904 1008 1964 in
1022 1903 1143 1981 picturis
1159 1923 1214 1964 usu

167 2000 310 2053 ⁰²¹⁸¹²q¹¹⁵¹l
421 2002 503 2064 venit
515 2002 547 2062 in
561 2002 685 2079 aliisque
699 2000 906 2078 compluribus,
923 2012 955 2061 ut
966 2002 1151 2062 delectentur
1162 2000 1215 2060 im-

420 2100 506 2179 periti
525 2101 707 2177 laudentque
728 2118 772 2172 ea,
795 2117 871 2175 quae
891 2099 1042 2159 laudanda
1062 2117 1123 2158 non
1145 2097 1212 2170 sint,

168 2199 209 2259 ob
229 2217 305 2272 eam,
320 2199 420 2272 credo,
435 2216 553 2257 causam
580 2196 663 2274 quod
683 2195 753 2256 insit
773 2194 805 2255 in
826 2195 861 2255 iis
882 2193 995 2271 aliquid
1014 2193 1108 2271 probi,
1131 2194 1215 2270 quod
1229 2217 1261 2253 20

171 2284 268 2364 capiat
289 2285 414 2364 ignaros,
439 2284 490 2361 qui
512 2284 585 2361 quid
602 2285 634 2344 in
655 2304 850 2361 unaquaque
867 2304 898 2345 re
916 2282 979 2342 vitii
996 2283 1040 2358 sit,
1062 2295 1214 2358 nequeant

170 2383 309 2445 iudicare.
353 2386 541 2460 Itaquecum
556 2394 625 2442 sunt
643 2381 725 2443 docti
739 2401 758 2440 a
771 2379 880 2457 peritis,
897 2379 1042 2440 desistunt
1055 2378 1141 2437 sacile
1156 2397 1220 2438 sen-

115 2483 157 2534 IV
169 2480 269 2541 tentia.
313 2481 400 2539 Haec
428 2479 514 2557 igitur
538 2478 645 2552 officia,
669 2479 707 2538 de
732 2476 840 2555 quibus
865 2476 910 2535 his
934 2474 1015 2536 libris
1039 2473 1218 2545 disserimus,

169 2576 253 2654 quasi
275 2577 408 2637 secunda
429 2577 577 2653 quaedam
598 2577 724 2635 honesta
746 2593 810 2635 esse
833 2572 945 2646 dicunt,
961 2591 1022 2632 non
1041 2570 1218 2649 sapientium

168 2674 260 2734 modo
274 2672 401 2750 propria,
416 2674 470 2733 sed
483 2693 552 2732 cum
566 2671 649 2732 omni
662 2670 818 2732 hominum
831 2689 939 2749 genere
954 2668 1132 2729 communia„
1172 2669 1215 2726 16.
1232 2684 1261 2733 ἰε

168 2771 276 2847 Itaque
297 2769 333 2829 iis
352 2788 465 2842 omnes,
480 2769 511 2829 in
526 2769 635 2845 quibus
654 2779 698 2829 est
712 2766 826 2828 virtutis
841 2767 967 2839 indoles,
983 2776 1216 2826 commoventur.

194 2913 255 2954 Em
267 2911 319 2954 mh
334 2925 384 2953 m
422 2869 488 2926 Nec
505 2885 576 2927 vero
594 2885 662 2926 cum
679 2866 741 2925 duo
757 2863 842 2924 Decii
856 2875 907 2923 aut
921 2864 982 2923 duo
997 2861 1150 2939 Scipiones
1164 2863 1219 2921 sor·

167 2975 261 3005 ΜΛΝ
272 2965 315 3004 ²¹¹<¹
329 2975 383 3003 Μ·
422 2975 466 3024 tes
480 2963 533 3024 viri
547 2973 819 3023 commemorantur
832 2974 883 3020 aut
897 2980 967 3019 cum
983 2958 1136 3020 Fabricius
1153 2956 1217 3040 [aut

168 3025 228 3064 etus,
241 3027 294 3055 even
303 3014 340 3055 the
348 3027 382 3053 se·

167 3065 384 3166 &pecusve'toethessg
422 3057 578 3141 Aristides]
593 3059 686 3120 iustus
701 3056 877 3130 nominatur,
893 3068 944 3116 aut
957 3056 995 3116 ab
1007 3055 1063 3115 illis
1073 3054 1218 3114 fortitudi-

166 3164 385 3257 ζῇξξᾞὶξξξὲ
422 3161 467 3222 nis
491 3169 543 3219 aut
566 3158 605 3217 ab
628 3159 687 3216 hoc
714 3153 841 3215 iustitiae
866 3164 1016 3229 tamquam
1041 3171 1059 3210 a
1084 3151 1216 3228 sapiente
1232 3166 1263 3214 30

419 3257 529 3336 petitur
546 3255 724 3331 exemplum.
764 3253 863 3310 Nemo
880 3249 961 3309 enim
981 3250 1089 3308 horum
1111 3247 1154 3308 sic
1175 3267 1218 3308 sa-

166 3357 261 3437 piens,
276 3369 309 3418 ut
324 3355 488 3433 sapientem
510 3353 646 3412 volumus
666 3347 805 3425 intellegi,
821 3365 877 3406 nec
891 3345 920 3418 ii,
936 3344 988 3422 qui
1003 3345 1152 3422 sapientes
1166 3347 1218 3405 ha·

167 3457 222 3520 biti
240 3469 271 3518 et
294 3454 448 3528 nominati,
465 3455 508 3513 M.
525 3454 602 3513 Cato
621 3461 651 3510 et
671 3450 706 3511 C.
727 3445 853 3519 Laelius,
869 3443 1016 3522 sapientes
1036 3446 1217 3517 fueruntne

218 3655 229 3690 1
247 3638 317 3705 atqui
334 3637 468 3688 Merkerken
485 3635 567 3686 Heine
610 3635 621 3691 ΙΙ
668 3646 697 3681 ar
722 3629 765 3694 qui
782 3627 882 3693 quidem
899 3624 963 3676 codd.
983 3624 1067 3682 multi,
1086 3623 1129 3689 qui
1149 3624 1216 3674 idem

163 3719 216 3769 cod.
227 3734 244 3767 a
254 3719 269 3767 b
279 3734 300 3775 c,
317 3719 360 3784 qui
377 3716 486 3779 Madvig
499 3715 573 3763 deleto
589 3713 656 3763 idem
668 3708 829 3775 probantibus
840 3707 922 3756 Heius
932 3705 973 3755 Lu
1009 3708 1019 3764 ll
1056 3706 1086 3754 28
1102 3711 1146 3754 aut
1159 3704 1215 3754 Ati·

164 3799 244 3851 otides
256 3800 322 3848 codd.
336 3815 400 3863 quas
412 3804 443 3846 ut
454 3796 542 3860 spurio
557 3795 706 3844 secluserunt
721 3792 762 3841 Bo
779 3789 859 3840 Heine
874 3794 969 3838 aratore
982 3786 1005 3836 t.
1017 3785 1056 3836 M.
1070 3785 1218 3849 Heusingcro

160 3881 178 3932 Ι
199 3891 236 3936 30
249 3875 343 3923 abhoc
350 3874 508 3935 tutantem,
522 3874 558 3926 ab
568 3874 609 3927 his
624 3875 715 3929 OrLu
725 3892 785 3928 cum
795 3875 865 3928 codd.
893 3877 910 3935 ll
938 3888 972 3941 ῃ
988 3867 1144 3925 mathaniu
1157 3869 1244 3919 llatae
